1872 2924
340 223 426 265 110
642 223 1009 259 PROLEGOMENA
1034 224 1100 259 AD
1127 224 1386 261 EPISTULAS

336 306 538 350 Morello
576 313 790 361 posteaque
829 325 864 350 a.
893 308 1052 363 16171)
1090 308 1259 352 Ioanni
1296 314 1515 353 Meursio.
1566 315 1687 354 Manu

338 370 494 409 Schotti
520 371 560 409 in
580 371 677 409 folio
700 374 721 409 1
749 384 829 410 non
854 374 1063 410 numerato
1082 372 1231 423 scripta
1255 375 1348 411 sunt
1366 374 1504 413 verba:
1527 374 1689 413 Libanii

336 431 624 478 Epistolarum,
658 442 782 479 prope
810 430 919 470 000.
951 428 1183 471 ἁνεκδότων.
1227 432 1319 470 Non
1350 433 1561 471 editarum:
1590 445 1690 483 quae

335 492 380 527 ut
398 489 639 529 extendantur
657 490 782 528 denuo
801 491 1082 530 describendae.
1115 491 1181 530 Ex
1195 494 1312 540 parte
1329 494 1513 530 convertit
1529 493 1687 540 quidam

335 549 525 594 Potonus,
556 550 668 587 cuius
695 560 833 588 nomen
858 561 918 588 me
941 551 1045 599 fuyit
1071 546 1144 602 [Io.
1172 550 1448 600 Sommeffeld,
1476 550 1689 591 cracoviae

340 604 492 660 1504]‚
524 609 592 647 sed
615 608 696 647 vida·
720 611 764 646 in
788 609 903 656 Hisp.
929 610 972 647 in
999 603 1045 647 4⁰
1070 613 1104 647 et
1128 610 1294 648 barbare
1318 613 1430 658 atque
1455 611 1508 649 ad
1531 612 1689 650 verbam

337 667 475 712 reddit,
499 668 634 715 inepte.
668 668 772 706 Usus
794 669 864 706 hoe
887 668 966 707 cod.
994 671 1084 707 ante
1108 681 1232 707 annos
1257 670 1404 717 aliquot
1427 669 1468 707 F
1466 670 1522 708 ed.
1542 670 1688 708 More&

336 727 399 765 lus
423 727 605 765 Lutetiae
630 730 700 771 est,
724 728 792 765 sed
815 739 893 765 non
919 728 995 766 edit
1019 731 1083 767 etc.
1111 758 1117 764 .
1141 759 1147 765 .
1171 759 1177 764 .
1203 728 1260 766 Et
1282 729 1355 767 has
1380 729 1581 777 Epistozas
1604 730 1691 768 istic

336 787 457 824 lucem
470 788 648 837 'aspicere
667 789 751 834 opto
772 787 830 824 vel
849 789 1000 824 tantum
1019 786 1175 826 Graece.
1207 787 1409 835 Interpres
1426 800 1515 826 ‘mox
1531 789 1690 827 minime

337 845 469 890 deerit,
494 846 587 893 quia
613 846 779 884 disertus
804 843 870 884 καὶ
892 840 1162 893 Ἀττικώτατος
1187 850 1240 885 est
1263 848 1436 895 scriptor.
1477 848 1635 886 Utinam
1658 851 1691 886 el

337 905 450 943 aliud
467 906 647 952 sicpffltat
665 905 844 943 alicunde
864 905 1069 953 exemplar,
1094 906 1195 943 unde
1217 906 1336 945 duae
1353 907 1592 954 payellae.
1618 907 1690 944 hia:

336 964 637 1002 desideratae
667 965 946 1012 suppleantur;
974 966 1073 1013 forte
1096 966 1288 1003 Morcllus
1315 966 1427 1004 habet
1455 966 1604 1004 hiatum
1630 977 1692 1004 ex·-

331 1023 500 1070 pletum:
525 1025 589 1061 sin
613 1035 732 1066 secus,
758 1025 794 1061 si
817 1024 952 1062 haberi
976 1027 1148 1071 nequeat,
1172 1025 1265 1063 haec
1282 1025 1475 1072 prodeant
1500 1025 1597 1063 bono
1615 1037 1691 1072 pu·

336 1082 434 1120 blico
447 1077 492 1134 ²).
525 1082 729 1128 Quaenam
754 1083 840 1121 fata
864 1083 1051 1122 habuerit
1076 1082 1195 1121 codex
1221 1083 1312 1121 inde
1339 1084 1386 1122 ab
1413 1084 1485 1122 hoc
1511 1085 1694 1133 tempore

337 1154 415 1190 quo
447 1141 552 1191 apud
578 1141 795 1180 Meursium
826 1142 907 1181 fuit
938 1154 1063 1191 usque
1097 1142 1147 1180 ad
1178 1142 1278 1180 illud
1306 1156 1383 1192 quo
1408 1143 1690 1182 bibliothecam

338 1201 526 1239 comitum
560 1200 821 1239 Brahensium
853 1202 1039 1250 intravit,
1071 1206 1207 1239 utrum
1234 1202 1428 1240 Meursius
1460 1215 1547 1240 eum
1575 1202 1691 1240 Lam-

338 1262 450 1309 perto
489 1260 638 1298 Alardo
671 1256 947 1313 Krempensi³)
986 1273 1036 1298 an
1075 1260 1246 1311 Georgio
1285 1260 1479 1300 Seefeldio
1517 1262 1689 1300 senatori

337 1320 450 1370 regni
468 1314 666 1371 Daniae4)
687 1319 922 1367 vendiderit,
946 1321 988 1358 in
1008 1319 1126 1358 dubio
1145 1319 1396 1369 relinquitur,
1421 1321 1495 1359 etsi
1522 1321 1691 1359 alterum

338 1379 437 1416 mihi
469 1377 724 1417 verisimilius
756 1381 825 1416 est.
871 1379 985 1417 Folia
1015 1380 1094 1417 tria
1125 1380 1273 1429 prima,
1311 1381 1498 1429 quoniam
1531 1381 1689 1418 nomina

338 1450 607 1487 possessorum
627 1440 770 1487 quarto
791 1438 947 1477 demum
974 1438 1070 1477 folio
1096 1440 1290 1488 inscripta
1315 1441 1418 1488 sunt,
1443 1440 1524 1477 iam
1551 1451 1601 1477 sc.
1619 1438 1690 1476 XV

338 1496 510 1536 defuisse
543 1496 799 1535 statuendum
831 1500 901 1536 est.
956 1497 1149 1548 Suppleta
1186 1499 1277 1536 sunt
1313 1511 1432 1536 manu
1464 1510 1515 1536 se.
1542 1497 1634 1536 XVI
1671 1511 1692 1535 e

337 1556 469 1594 codiee
495 1556 763 1606 Neapolitano
790 1557 853 1594 vel
878 1557 1011 1606 potius
1037 1557 1128 1595 huic
1154 1560 1333 1607 cognato.
1371 1558 1429 1595 Ac
1451 1559 1623 1607 primum
1652 1561 1690 1594 et

339 1615 556 1654 secundum
584 1615 723 1654 folium
750 1615 936 1654 exhibent
960 1629 1019 1666 ep.
1042 1617 1137 1655 376.
1167 1617 1262 1655 375.
1291 1617 1387 1655 283.
1417 1617 1513 1664 374,
1539 1616 1606 1654 sed
1634 1617 1692 1653 ul-

338 1676 440 1713 tima.
464 1674 611 1713 desinit
636 1675 767 1713 media
791 1675 922 1713 verbis
949 1673 1022 1714 οὐκ
1041 1673 1282 1714 ἐπεσπάσατο
1304 1670 1358 1728 (Χ
1379 1677 1477 1724 363,
1492 1670 1550 1728 3),
1575 1675 1642 1713 fol.
1664 1674 1684 1712 4

399 1837 432 1881 1)
459 1835 512 1871 cf.
540 1835 738 1881 epistulam
764 1835 910 1870 Sehotti
935 1835 1141 1880 Antverpia
1167 1835 1259 1870 Idib.
1284 1835 1388 1871 Febr.
1413 1835 1614 1870 MDCXVII
1642 1835 1689 1869 ad

336 1882 540 1918 Mem-sium
567 1883 695 1918 datam
720 1882 759 1917 in
785 1882 938 1918 Meursii
964 1894 1048 1928 opp.
1074 1883 1144 1918 vol.
1160 1883 1209 1917 XI
1235 1882 1303 1917 col.
1319 1886 1399 1921 274.

396 1943 433 1987 2)
458 1941 672 1985 Sequuntur
696 1953 759 1977 sex
785 1941 905 1977 lineae
931 1945 1063 1987 postea
1089 1942 1234 1977 deletae
1260 1944 1415 1986 excepto
1434 1942 1533 1985 quod
1559 1941 1598 1976 in
1619 1943 1690 1975 fine

337 1991 490 2034 quartae
517 1989 638 2024 lineae
666 1989 803 2033 ἔρρωσο
824 1989 1031 2034 dispicitur.
1072 1989 1176 2023 Hanc
1195 1991 1322 2024 notam
1348 1989 1509 2034 primum
1535 1999 1579 2023 ex
1602 2000 1689 2033 apo-

336 2036 480 2081 grapho
518 2036 647 2071 Einari
685 2036 857 2072 Lofstedt
888 2037 1006 2082 patrie
1037 2037 1077 2071 in
1110 2036 1186 2071 Rel.
1214 2036 1327 2072 Acad.
1349 2035 1468 2071 Berol.
1492 2039 1595 2079 1885,
1621 2039 1692 2070 906

336 2083 480 2128 publici
505 2084 598 2119 iuris
623 2084 714 2126 seci3
741 2084 841 2128 quod
867 2095 950 2119 eam
970 2085 1040 2119 hoc
1060 2084 1141 2119 loco
1160 2083 1289 2118 multis
1315 2083 1406 2118 locis
1433 2083 1688 2119 correctiorem

335 2131 514 2175 praebere
539 2131 664 2176 potui,
697 2131 814 2166 debeo
841 2131 937 2166 Guil.
966 2131 1207 2174 Lundstr6m‚
1236 2130 1300 2176 qui
1327 2131 1492 2166 codicem
1519 2129 1690 2165 Holmiae

336 2189 368 2213 a.
392 2182 481 2213 1901
509 2190 631 2213 meum
658 2178 697 2213 in
723 2190 831 2213 usum
856 2178 1030 2224 inspexit.

396 2239 431 2283 3)
452 2237 547 2272 Vide
574 2237 755 2282 epistulas
780 2237 890 2272 huius
917 2238 964 2273 ad
985 2237 1188 2272 Meursium
1210 2237 1318 2272 datas
1344 2247 1377 2271 a.
1394 2239 1625 2271 1625-1629
1653 2236 1686 2269 in

335 2285 486 2320 Mem-sii
518 2296 602 2330 opp.
631 2285 680 2319 XI
707 2289 775 2319 585
803 2285 871 2321 col.
892 2289 979 2328 4343
1013 2289 1080 2320 603
1108 2285 1176 2320 col.
1198 2288 1283 2326 4533
1317 2287 1386 2319 620
1412 2284 1478 2319 col.
1499 2287 1585 2325 4713
1620 2286 1690 2317 642>

335 2331 403 2367 ool.
424 2335 510 2376 492;
540 2336 606 2366 647
635 2332 701 2367 col.
724 2336 803 2367 496.

396 2393 431 2435 4)
456 2391 552 2426 Vide
578 2391 780 2436 epistulam
808 2391 916 2427 Ravii
948 2392 996 2426 ad
1029 2391 1230 2426 Mem-sium
1258 2390 1305 2425 111
1339 2389 1434 2424 Non.
1458 2389 1573 2434 April.
1600 2393 1690 2423 1632>

339 2438 468 2473 datam
494 2438 533 2473 in
558 2438 692 2473 Meurs.
716 2451 800 2484 opp.
821 2438 871 2473 XI
891 2442 959 2474 780
986 2438 1053 2474 col.
1076 2442 1153 2473 037.
