1872 2924
321 217 406 259 146
619 212 985 251 PROLEGOMENA
1009 213 1075 248 AD
1101 210 1359 248 EPISTULAS

317 308 432 344 ratus
441 300 475 359 ²)
501 306 542 343 et
567 317 601 342 a.
621 304 733 342 1693
759 304 802 341 in
826 302 1104 341 bibliothecam
1131 300 1406 340 universitatis
1424 299 1670 350 Upsaliensis

317 365 457 403 illatus
482 363 715 413 duobusque
740 361 1007 402 voluminibus
1031 361 1191 411 ligatus.
1230 360 1380 411 Ecloga
1405 360 1473 399 fol.
1495 356 1667 398 18-75

318 423 531 463 voluminis
555 422 700 473 prioris
722 421 1005 471 comprehensa
1030 421 1071 458 et
1094 418 1275 471 λιβανίου
1301 423 1492 469 σοφιστοῦ
1517 416 1670 458 ἐπιστο-

317 482 385 522 λαί
411 482 605 532 inscripta
636 480 795 520 exhibet
822 481 904 519 156
938 479 1130 529 epistulas
1162 491 1182 517 e
1214 477 1493 529 Lacapeniana
1524 477 1670 517 electas

317 542 381 581 vel
400 543 547 592 potius,
572 553 662 579 cum
681 540 784 579 duae
802 539 863 578 bis
889 542 1075 578 exaratae
1101 538 1194 586 sint,
1221 538 1304 576 154
1332 539 1454 588 atque
1475 536 1581 575 inter
1598 536 1670 575 has

317 615 376 651 ep.
399 602 494 641 501.
524 601 628 650 6473
653 612 792 638 comm.
813 612 873 649 ep.
897 600 970 648 123
996 598 1064 636 46.
1092 598 1159 636 38.
1188 597 1271 636 383
1299 596 1441 648 glossis
1465 595 1670 635 interline-

317 660 454 699 aribus
489 659 729 709 scholiisque
759 657 1047 710 marginalibus
1078 656 1304 696 instructas,
1354 655 1488 707 Usque
1519 653 1571 694 ad
1605 649 1672 694 νθ’

316 722 427 759 tenet
445 719 623 759 ordinem
641 717 976 768 Lacapeffianum,
999 719 1086 755 tum
1107 715 1301 765 relinquit
1323 727 1492 765 raroque
1517 713 1670 764 recipit.

317 779 560 819 Enumeravi
579 778 757 829 singulas
777 775 1128 816 commentatione:
1148 774 1207 813 De
1220 774 1306 814 Lib.
1320 774 1433 814 libris
1446 773 1670 825 Upsaliens.

316 852 353 889 p.
369 839 434 878 13.
468 838 608 887 Finem
635 839 771 876 autem
795 847 932 875 versus
958 835 1063 874 inter
1088 829 1146 882 ξα’
1166 835 1208 873 et
1231 828 1316 886 poy'
1334 832 1499 872 aliunde
1519 832 1671 872 inserta

316 899 377 937 est
396 911 456 947 ep.
468 897 566 947 806,
586 908 690 947 quae
709 895 848 935 eadem
866 894 988 934 etiam
1006 894 1048 933 in
1066 893 1183 933 Laur.
1194 893 1302 932 LXX
1315 895 1368 933 13
1390 895 1430 932 et
1442 891 1671 942 Mosquensi

315 959 437 996 extat.
486 956 534 995 In
563 956 640 994 fine
671 955 820 1007 legitur
854 954 1092 1004 subscriptio
1124 953 1327 992 rubricata
1358 947 1473 992 αὗται
1505 951 1550 990 αἱ
1575 965 1670 1004 γρα-

316 1019 451 1067 φεῖσαι
476 1012 563 1066 ρνς’
587 1012 785 1054 ἐπιστολαὶ
815 1012 914 1053 εἰσὶν
947 1011 1025 1052 ἀπὸ
1056 1017 1135 1051 τῶν
1161 1011 1231 1060 σξδ
1256 1009 1482 1062 ἐπιστολῶν,
1514 1008 1561 1058 ἃς
1591 1008 1670 1058 ἒξε-

318 1074 450 1123 ligato
477 1072 497 1114 ὁ
523 1072 742 1126 λεκαπηνὸς
767 1079 841 1126 πῦρ
866 1072 1052 1126 γεώργιος
1077 1070 1143 1110 καὶ
1168 1065 1434 1124 εὖρέθησανῗ)
1459 1069 1516 1117 εἰς
1541 1068 1583 1110 τὸ
1607 1070 1670 1122 βι-

315 1135 428 1187 βλίον
453 1133 586 1173 αὐτοῦ.
621 1134 668 1173 In
694 1134 839 1172 volum.
859 1133 902 1171 II
927 1132 996 1170 fol.
1016 1132 1119 1171 437‘
1143 1131 1292 1182 legitur
1316 1142 1454 1170 comm.
1481 1142 1539 1180 ep.
1557 1123 1670 1182 22⁸),

315 1207 437 1244 quam
463 1195 682 1244 sequuntur
707 1193 775 1232 fol.
796 1192 1039 1232 4372—440
1064 1190 1241 1241 reliquae
1265 1189 1482 1240 inscriptae
1506 1193 1577 1228 τοῦ
1602 1202 1669 1240 με-

315 1253 438 1306 γάλου
464 1252 664 1305 βασιλείου
689 1249 756 1291 καὶ
781 1257 849 1290 τοῦ
874 1249 1057 1303 λιβανίου
1081 1247 1278 1289 ἐπιστολαὶ
1303 1249 1346 1287 αἳ
1367 1246 1574 1300 ἀμοιβαῐαι
1597 1261 1668 1286 κα-

313 1315 474 1353 λοῦνται
499 1308 658 1366 (comm.
684 1325 744 1362 ep.
767 1311 922 1351 1—16.
951 1310 1016 1348 23.
1047 1303 1252 1360 17—21).
1297 1307 1412 1354 Quod
1439 1309 1482 1346 in
1506 1306 1585 1347 fine
1608 1307 1667 1345 ul-

314 1374 438 1412 timae
462 1372 610 1423 legitur
641 1369 744 1422 ζήτει
769 1368 902 1422 ἑτέραν
925 1366 1135 1419 ἐπιστολὴν
1160 1365 1285 1407 ὀπίσω
1310 1366 1386 1420 πρὸ
1411 1372 1490 1407 τῶν
1509 1362 1550 1405 δ’
1570 1365 1667 1416 φύλ-

314 1434 408 1483 λων,
434 1432 589 1482 spectat
616 1430 666 1470 ad
691 1442 832 1469 comm.
852 1442 912 1479 ep.
934 1429 1000 1468 22.

373 1491 464 1530 Mea
482 1490 615 1543 gratia
633 1489 830 1540 excerpsit
841 1487 1198 1527 Alexandersonus.
1231 1481 1344 1533 Quae
1364 1498 1436 1537 ego
1455 1484 1670 1524 secundum

312 1551 418 1590 hunc
443 1550 490 1589 de
508 1550 582 1590 hoc
604 1548 738 1588 codice
756 1547 896 1588 rettuli
915 1547 975 1586 De
994 1546 1079 1585 Lib.
1094 1545 1181 1585 libr.
1196 1545 1333 1595 Upsal.
1352 1558 1388 1596 p.
1401 1547 1438 1596 7,
1453 1544 1543 1584 Alb.
1563 1543 1669 1583 Mar-

311 1609 436 1649 tinius
460 1610 486 1648 l.
507 1610 532 1648 l.
557 1609 747 1659 repetivit
770 1620 808 1658 p.
830 1608 913 1646 341
924 1618 982 1656 sq.

371 1680 617 1732 Apographa
639 1679 758 1719 huius
784 1678 929 1718 codicis
953 1678 1063 1716 facta
1088 1678 1181 1716 sunt
1204 1676 1300 1715 tria:

244 1761 311 1791 558
375 1753 471 1792 140.
497 1753 673 1802 primum
698 1763 733 1789 a.
755 1751 867 1789 1691
890 1762 1012 1787 manu
1035 1748 1236 1787 Ioannis
1260 1746 1518 1785 Palmrotii
1540 1745 1667 1796 Upsa-

311 1811 449 1850 liensis
486 1805 698 1863 factum⁴)‚
737 1808 843 1860 quod
878 1809 996 1848 hodie
1034 1807 1167 1847 codice
1203 1806 1486 1857 Upsaliensi
1523 1818 1580 1856 gr.
1611 1806 1666 1843 64

314 1871 560 1920 continetur3

241 1950 309 1981 559
375 1944 471 1981 141.
504 1941 675 1980 alterum
706 1939 757 1978 ab
789 1940 927 1978 eodem
957 1939 1044 1978 viro
1075 1937 1191 1977 docto
1224 1950 1258 1976 a.
1284 1936 1396 1975 1726
1430 1935 1669 1982 absolutum,

312 2001 417 2052 quod
442 2001 558 2040 hodie
578 2000 711 2039 codice
734 1997 1016 2049 Upsaliensi
1036 2010 1092 2048 gr.
1115 1997 1167 2036 61
1197 1996 1433 2044 continetur,
1458 1995 1500 2033 in
1526 1993 1666 2033 editio·

373 2116 408 2161 1)
443 2114 554 2161 Sigfr.
581 2113 795 2156 Lindetam,
830 2111 982 2158 Georgii
1016 2110 1206 2156 Lacapeni
1241 2108 1424 2155 epistulae
1459 2107 1489 2143 X
1524 2107 1668 2153 priores

312 2175 346 2208 p.
373 2162 454 2198 LIV
467 2174 520 2207 eq.
571 2160 696 2196 Graux
724 2162 763 2196 et
793 2159 950 2203 Martin,
980 2158 1129 2194 Archiv.
1156 2158 1221 2193 des
1252 2168 1338 2192 mss.
1365 2156 1494 2192 scient.
1527 2156 1596 2192 ser.
1616 2153 1667 2189 111

310 2213 400 2247 tom.
417 2213 460 2245 15
486 2210 608 2255 (1888)
634 2211 714 2243 341.

372 2258 407 2303 2)
432 2257 512 2292 Hoc
530 2255 696 2298 verbum,
722 2254 823 2300 quod
849 2254 1063 2290 coniectura
1081 2253 1273 2288 assecutus
1299 2262 1410 2295 eram,
1436 2259 1565 2286 revera
1589 2248 1667 2295 legi

309 2305 473 2340 testatur
490 2302 800 2349 Lagercrantzius
827 2302 928 2347 apud
952 2300 1132 2336 Fritzium
1158 2303 1238 2335 ⁸76.

371 2353 406 2397 3)
432 2351 535 2387 Haec
557 2350 659 2397 fugit
683 2349 1046 2391 Abxnmdersonum,
1076 2347 1118 2383 id
1149 2347 1250 2392 quod
1281 2347 1434 2391 propter
1458 2343 1666 2380 Lindetam.

309 2411 346 2444 p.
361 2399 440 2434 LIX
464 2400 542 2434 not.
558 2402 576 2433 1
605 2408 749 2433 moneo.

371 2447 407 2493 4)
433 2445 717 2483 Graux-Martin
743 2448 822 2480 357.
