1872 2924
472 219 493 260 ς
512 219 547 253 ὅ.
584 215 650 252 DE
675 211 1236 253 ECLOGA‘LAOAPENIANA
1451 214 1537 259 137

172 308 355 354 σελεῦκος
378 305 518 357 πείσει,
542 318 645 356 quae
671 305 742 345 illa
766 305 980 357 excipiunt.
1020 304 1137 352 Quod
1164 317 1256 344 vero
1281 305 1399 344 hodie
1424 305 1493 346 fol.
1511 311 1532 346 1

174 368 246 416 eat,
271 365 402 406 locum
420 364 567 405 habere
586 364 705 405 debet
728 367 820 416 post
840 366 898 405 θ’.
930 364 1035 404 Nam
1054 364 1203 416 excipit
1221 364 1365 414 verbis,
1390 365 1538 416 quibus

173 425 320 478 incipit
336 439 476 477 ναμεν,
500 422 576 478 ἐγώ
598 439 635 464 τε
660 422 728 466 καὶ
752 423 803 464 σὺ
822 424 955 474 verba,
980 424 1125 476 quibus
1149 423 1250 464 illud
1276 424 1424 465 desinit
1440 426 1540 477 πρό·

174 499 276 538 tepet
299 486 391 539 7⁸7⁶
417 497 478 536 ep.
497 483 522 524 i
545 480 611 538 (—
629 485 713 525 754
739 486 768 524 t.
788 484 824 524 X
844 485 943 534 680,
959 480 1016 537 2).
1051 484 1125 535 Ep.
1146 478 1231 532 σξα’
1249 478 1315 537 (-
1335 479 1444 537 435)
1471 486 1540 525 de-

172 546 270 585 sinit
293 545 361 584 fol.
379 546 502 594 148'3
527 545 595 584 fol.
612 546 696 584 149
723 547 816 595 post
832 544 1127 584 invocationem
1146 542 1349 584 Δέσποινα
1368 540 1445 585 &Ti
1465 546 1534 598 βο-

172 604 268 656 ήθει
292 618 360 656 μοι
384 604 583 655 incipiunt
613 601 814 644 ἐπιστολαὶ
837 608 909 644 τοῦ
933 605 1167 655 λακαπηνοῦ
1193 609 1318 655 κυροῦ
1342 604 1538 658 γεωργίου

170 662 238 704 καὶ
263 669 334 704 τοῦ
359 663 532 716 ζαρίδου.
576 664 747 715 Inspexi.

230 723 439 764 Proximus
464 726 526 763 est
549 723 673 764 codex

234 784 331 823 115.
352 783 742 823 vindobonensis
761 782 875 833 phil.
901 796 966 835 gr.
985 781 1053 822 XC
1078 777 1282 835 (1—Vind)
1316 779 1385 836 (cf.
1411 796 1536 835 supra

171 857 208 884 n.
231 844 307 893 33,
340 844 446 883 infra
470 856 508 882 n.
530 837 648 896 379).
693 841 771 889 Qui
796 845 890 894 post
914 842 1186 882 collectionem
1214 842 1534 893 Lacapenianam

170 906 216 942 ut
243 902 287 942 in
312 902 442 942 Vatic.
466 904 550 942 113
577 904 736 942 auctam
761 902 915 941 duabus
941 901 1124 953 epistulis
1149 897 1308 952 (comm.
1330 916 1390 954 ep.
1413 905 1465 944 11
1494 907 1536 944 et

173 959 279 1016 768)
311 962 379 1002 fol.
403 964 638 1002 101—140
669 961 835 1013 praebet
859 962 1053 1013 epistulas
1078 975 1099 1000 e
1125 961 1210 1000 cod.
1231 962 1287 1001 Vo
1313 962 1535 1014 descriptas

169 1022 239 1071 σξζ
255 1018 320 1076 (-
337 1018 444 1075 339)
457 1019 602 1073 -υιη’
615 1018 680 1074 (=-
697 1018 823 1071 918),
848 1023 953 1061 inter
977 1033 1078 1072 quas
1102 1021 1175 1060 sub
1201 1017 1294 1074 σοβ’
1312 1035 1452 1062 comm.
1471 1036 1534 1074 ep.

173 1085 223 1122 11
259 1083 366 1121 inter
398 1083 484 1121 352
517 1083 559 1120 et
585 1083 668 1121 369
701 1083 850 1121 iterum
882 1082 1066 1121 occurrit.
1111 1080 1189 1120 Hic
1219 1093 1349 1132 pauca
1379 1082 1428 1121 de
1452 1083 1533 1122 col·

169 1141 339 1182 lectione
370 1140 652 1192 Lacapeniana
683 1141 866 1181 addenda
902 1143 1006 1181 sunt.
1059 1141 1130 1192 Ep.
1151 1139 1187 1187 ζ’
1214 1138 1279 1194 (-
1301 1142 1408 1195 333)
1442 1154 1534 1181 cum

170 1201 237 1241 fol.
259 1202 307 1241 2⁷
331 1201 372 1239 in
399 1200 523 1241 verba
546 1201 674 1254 γράφε
701 1215 739 1240 τι
762 1199 1042 1252 παραπλήσιον
1069 1200 1122 1251 (Χ
1144 1201 1248 1250 314,
1265 1196 1339 1254 11)
1365 1201 1535 1252 desinit3

168 1260 258 1300 finis
277 1261 397 1300 huius
423 1260 619 1311 epistulae
640 1263 682 1300 et
700 1263 911 1312 sequentes
930 1254 1054 1312 q—u'
1073 1259 1226 1300 duobus
1245 1260 1354 1301 foliis
1374 1261 1535 1302 amissis

168 1320 373 1371 perierunt
397 1322 438 1359 et
469 1332 531 1371 ep.
555 1317 618 1359 κοί
643 1317 707 1374 (=
731 1315 836 1374 780)
869 1323 1027 1360 tantum
1058 1319 1180 1359 verba
1210 1319 1303 1359 inde
1334 1333 1360 1361 a
1384 1319 1535 1371 τρόπον

167 1378 255 1420 τινὰ
280 1392 406 1431 usque
431 1380 483 1420 ad
508 1379 645 1429 finem,
677 1380 824 1431 quibus
849 1380 917 1420 fol.
939 1381 963 1418 6
989 1381 1150 1430 incipit,
1175 1381 1324 1419 extant.
1363 1380 1478 1420 Folia
1505 1383 1533 1420 3

167 1442 209 1479 et
229 1441 269 1488 4,
294 1439 439 1491 quibus
458 1439 549 1479 finis
568 1452 628 1490 ep.
649 1436 732 1493 cly'
752 1443 793 1479 et
810 1452 869 1491 ep.
891 1436 1096 1486 ολδ-σιξ
1116 1440 1381 1490 continentur,
1400 1440 1532 1480 locum

167 1512 282 1539 suum
318 1499 414 1540 olim
449 1499 556 1538 inter
580 1499 649 1539 fol.
670 1500 726 1539 89
753 1502 795 1539 et
821 1500 877 1538 90
902 1499 1140 1539 habuerunt.
1182 1498 1381 1539 Numerus
1415 1500 1483 1540 fol.
1505 1501 1534 1540 5

167 1560 329 1599 omnino
343 1559 463 1598 deest.
485 1558 704 1606 Quaternio
717 1556 755 1598 α’
767 1571 846 1598 non
862 1559 901 1608 8,
920 1559 988 1598 sed
1002 1560 1027 1597 6
1042 1558 1152 1598 foliis
1165 1558 1403 1598 continetur.
1422 1559 1533 1599 Non-

167 1619 292 1669 nulla,
310 1631 414 1669 quae
433 1619 474 1657 in
494 1620 608 1658 textu
628 1619 765 1658 omisit
783 1618 983 1668 librarius,
999 1618 1083 1669 ipse
1102 1620 1143 1656 in
1163 1618 1344 1669 margine
1362 1618 1529 1658 addidit.

168 1678 364 1729 Perquam
384 1690 476 1717 raro
496 1690 639 1718 manus
658 1678 823 1717 librario
837 1680 970 1718 aetate
983 1690 1134 1728 suppar
1146 1679 1359 1718 correctrix
1372 1675 1438 1728 (—
1452 1673 1533 1732 m²)

167 1740 393 1777 atramento
418 1737 541 1777 rubro
566 1750 639 1777 usa
664 1738 919 1788 conspicitur,
950 1740 997 1776 ut
1021 1738 1089 1777 fol.
1115 1739 1162 1776 2*
1188 1753 1208 1785 ς
1232 1738 1344 1777 verbi
1369 1737 1534 1786 διοικεῖς

166 1793 246 1851 (ep.
269 1798 354 1837 333
381 1798 415 1836 X
437 1793 628 1851 313,14)
658 1797 939 1848 subterpunxit
963 1799 1005 1836 et
1023 1813 1047 1836 ν
1071 1798 1366 1847 suprascripsit.
1399 1797 1534 1837 Multo

165 1856 341 1897 crebrior
365 1869 507 1896 manus
532 1859 593 1897 est
616 1857 745 1896 altera
769 1856 983 1896 correctrix
1008 1857 1129 1907 paulo
1148 1858 1345 1896 recentior
1362 1852 1428 1910 (—
1440 1853 1532 1908 ω’),

165 1929 268 1967 qnae
282 1916 379 1956 Itali
391 1916 500 1956 docti
513 1916 637 1956 fuisse
650 1916 819 1966 videtur,
839 1918 1031 1967 quoniam
1044 1917 1112 1956 fol.
1127 1916 1204 1955 48*
1217 1928 1339 1967 supra
1357 1931 1402 1964 ος
1420 1917 1532 1957 vocis

165 1974 440 2027 ἐψηφισμένος
458 1989 520 2027 ep.
535 1977 621 2016 408
642 1974 697 2029 (X
712 1977 811 2023 404,
826 1972 872 2030 4)
900 1973 967 2015 ‘al’
986 1990 1044 2015 ων
1068 1977 1122 2016 al'
1139 1973 1203 2015 ον’
1229 1976 1399 2026 scripsit.
1419 1976 1529 2016 Num

165 2035 303 2075 eadem
323 2036 388 2083 sit,
408 2048 511 2085 quae
530 2036 572 2075 in
592 2036 773 2087 margine
792 2036 860 2075 fol.
875 2036 953 2075 85*
972 2035 1021 2075 ad
1042 2035 1164 2075 verba.
1185 2048 1245 2085 ep.
1263 2036 1372 2075 1351
1403 2032 1531 2088 ἡρπά-

164 2105 256 2134 κασι
280 2093 355 2146 τὴν
374 2090 541 2146 Ἑλένην
567 2091 642 2148 (ΧΙ
664 2097 762 2145 401,
787 2090 861 2147 19)
885 2097 1046 2145 raptum
1066 2095 1245 2134 Helenae
1264 2095 1452 2134 similiter
1469 2098 1531 2135 at·

164 2167 241 2205 que
268 2154 449 2205 Raphael
473 2154 543 2193 ille
568 2154 741 2194 Urbinas
766 2155 910 2205 pinxit,
934 2156 976 2193 in
1002 2155 1154 2193 incerto
1180 2154 1376 2204 relinquo.

225 2214 386 2253 Contuli
420 2216 462 2252 et
496 2214 686 2264 quoniam
721 2214 908 2253 librarius
942 2215 983 2253 in
1016 2213 1232 2264 exemplari
1267 2214 1530 2265 exemplando

164 2272 472 2325 diligentissime
498 2275 681 2312 versatus
708 2276 779 2322 est,
805 2276 853 2312 ut
876 2275 1018 2313 testem
1046 2274 1284 2319 recentipnis
1310 2273 1527 2324 Lacapeni-

164 2344 264 2372 anae
289 2334 332 2372 in
358 2335 598 2384 apparatum
623 2333 806 2372 criticum
831 2333 973 2383 recepi.

227 2393 324 2431 116.
346 2391 746 2443 Rehdigeranus
771 2391 1036 2433 bibliothecae
1061 2391 1224 2431 urbicae
1249 2392 1606 2432 Vratisla-Ms

164 2451 347 2491 viensie
369 2453 419 2490 31
446 2446 581 2503 (quem
602 2464 809 2490 numerum
829 2452 951 2490 etiam
966 2451 1070 2503 gerit
1081 2452 1123 2490 in
1138 2449 1333 2503 Catalogo
1347 2451 1527 2492 codicum
