1872 2924
321 235 342 276 ὅ
362 234 395 267 8.
433 229 498 267 ΒΕ
523 227 725 266 ECLOGIS
749 220 898 264 Epls‘r.
925 226 990 263 Ex
1021 238 1047 263 a
1071 223 1336 262 PROFECTIS
1429 223 1516 267 169

153 322 281 371 1323,
310 320 378 361 sed
409 321 569 359 tantum
600 330 662 370 ep.
689 318 789 357 333.
816 317 884 356 19.
911 317 1009 356 352.
1037 315 1135 355 358.
1163 315 1261 354 365.
1288 314 1387 354 366.
1415 314 1513 353 361.

155 383 221 422 72.
243 382 310 420 74.
332 380 430 421 639.
452 380 519 419 69.
548 377 779 429 Sequuntur
800 377 928 416 1132.
946 375 1219 415 11331136.
1242 374 1369 415 1138.
1386 374 1515 413 1141.

154 442 278 481 1142.
304 439 580 480 1145.1147.
604 436 1060 478 1150-1152.1154.
1084 436 1212 474 1157.
1235 434 1362 473 1158.
1388 434 1514 472 1160.

156 502 281 540 1163.
304 500 432 540 1164.
454 498 580 538 1185.
604 497 911 538 1196-1199.
937 496 1058 535 1202.
1084 495 1210 535 1205.
1234 495 1362 533 1206.
1388 494 1513 532 1226.

154 561 282 601 1227.
305 560 402 600 709.
424 559 521 598 742.
544 558 643 597 745.
663 557 762 597 746.
784 557 882 595 748.
904 555 1151 595 760-762.
1175 555 1272 594 764.
1298 553 1394 593 766.
1419 553 1515 592 768.

154 621 252 660 769.
271 619 366 659 778.
383 618 482 658 788.
498 618 595 657 797.
611 618 709 657 793.
726 617 823 655 780.
840 616 937 655 784.
955 615 1052 654 798.
1073 614 1170 655 832.
1187 614 1286 653 842.
1302 614 1400 653 839.
1416 613 1514 652 849.

152 680 252 719 881.
273 678 409 718 Prima
426 690 520 729 pers
532 676 653 717 huius
672 676 835 728 eclogae
854 675 974 715 etium
995 674 1079 714 alis
1096 686 1218 713 manu
1233 685 1284 714 sc.
1298 672 1371 712 XV
1386 672 1427 711 in
1448 671 1517 711 sol.

153 740 237 779 277
253 739 374 779 huius
387 737 534 777 codicis
553 737 756 787 descripte.
768 738 842 776 est.
871 734 975 774 Sunt
987 747 1048 785 ep.
1061 734 1280 783 333-72,
1293 733 1362 773 sed
1374 732 1518 784 prima,

153 799 268 839 cuius
286 800 327 837 in
353 798 534 849 margine
560 797 710 848 legitur
728 794 910 848 λιβανίου
928 793 1028 845 πρὸς
1047 792 1272 844 ἀνατόλιον,
1291 792 1436 844 incipit
1451 791 1515 830 de·

155 872 259 898 mum
275 857 406 898 verbis
420 855 489 897 καὶ
501 853 622 909 εἰμὲν
635 855 795 903 εἰκότως
809 855 864 906 (X
879 856 979 905 313,
993 855 1053 906 8),
1067 853 1211 892 ultima.
1225 852 1374 892 desinit
1387 851 1519 891 verbis

153 916 375 971 παρθένιον
400 912 461 965 οἷς
486 912 543 970 (Χ
565 917 633 965 72,
653 918 713 969 8),
738 915 862 955 etiam
885 928 946 965 ep.
970 916 1036 955 19.
1063 914 1161 954 365.
1189 913 1271 952 361
1295 924 1436 964 parum
1458 911 1517 950 in-

153 982 292 1027 temo
326 982 432 1017 sunt.
478 976 744 1016 Collationem
779 974 932 1026 publici
969 973 1071 1013 iuris
1105 973 1202 1013 fecit
1232 971 1518 1023 Papadopulus

155 1037 386 1086 Rei-timeus,
412 1034 768 1089 Παλαιογραφικὸν
793 1034 945 1075 δελτίον
971 1034 1028 1074 20
1053 1045 1124 1084 sq.‚
1149 1045 1270 1083 quam
1295 1044 1428 1071 coram
1455 1044 1519 1070 co·

153 1097 239 1137 dice
278 1110 314 1137 a..
346 1098 457 1136 1896
496 1095 618 1135 revisi
649 1098 690 1135 et
720 1096 869 1146 partim
901 1106 990 1133 cum
1022 1100 1166 1143 ectypo
1199 1091 1518 1144 photographico

154 1158 221 1197 fol.
238 1158 345 1196 254⁷
359 1155 563 1196 Gumontii
583 1155 750 1204 contuli,
769 1154 837 1194 sed
857 1154 908 1194 ab
922 1155 1124 1204 apparatu
1137 1153 1277 1192 critico
1296 1151 1459 1199 exclusi,
1477 1151 1519 1189 in

154 1217 205 1257 iis
229 1219 391 1257 tantum
419 1216 603 1267 epistulis
628 1214 805 1262 adhibui,
831 1226 935 1264 quae
961 1213 1003 1252 in
1028 1212 1163 1252 Athoo
1188 1212 1344 1251 desunt.

215 1275 393 1323 Quartus
418 1275 537 1315 huius
563 1275 720 1327 generis
745 1274 868 1314 codex
893 1276 955 1313 est

219 1337 314 1376 190.
341 1335 676 1375 Berolinensis
702 1348 760 1386 gr.
782 1347 846 1384 qu.
868 1335 893 1373 3
921 1328 1027 1386 (302
1055 1332 1095 1370 in
1116 1332 1302 1383 catalogo
1327 1330 1506 1371 codicum
1522 1333 1589 1366 583

156 1394 396 1435 Graecorum
418 1390 569 1448 Berol.)
590 1391 655 1447 (=
669 1390 747 1448 Be)
766 1394 892 1433 chart.
906 1388 998 1446 (20,
1013 1393 1037 1431 6
1052 1402 1100 1430 ><
1115 1394 1184 1441 14,
1198 1392 1222 1430 6
1242 1386 1337 1437 cm)
1362 1403 1414 1431 sc.
1434 1390 1520 1438 XV,

157 1455 253 1494 olim
281 1455 530 1494 Francisci
550 1453 739 1502 Nansii,
762 1453 905 1493 deinde
925 1451 1292 1492 Bartholomaei
1311 1450 1521 1489 Kecker—

158 1515 317 1555 manni
343 1514 513 1554 testibus
538 1513 867 1564 inscriptionibus
886 1512 1101 1552 involucri:
1128 1511 1248 1550 Hunc
1265 1511 1411 1549 librum
1432 1509 1522 1548 Cla-

158 1576 247 1615 riss.
268 1575 576 1623 Docti-samque
594 1575 679 1612 viro
698 1573 751 1616 D,
771 1573 1074 1612 Bartholomaeo
1093 1571 1391 1610 Kackermanno
1407 1580 1520 1619 prae-

158 1636 300 1684 cepturi
325 1634 373 1674 de
391 1645 432 1674 se
450 1635 592 1683 optime
609 1636 758 1681 memo,
783 1634 825 1672 in
839 1634 1075 1681 perpetuum
1093 1631 1362 1670 observantiae
1381 1633 1415 1669 et
1430 1641 1521 1678 yra-

159 1694 341 1734 titudinis
372 1693 595 1745 τεκμήριον.
621 1693 673 1732 D.
699 1692 752 1731 D.
778 1692 953 1731 Ioannes
982 1691 1106 1730 Bothe
1130 1690 1522 1730 Ameterodamensis.

159 1750 349 1794 Dantisci
381 1764 488 1793 anno
525 1754 652 1791 1604.
690 1754 717 1791 7
749 1753 845 1799 Aua.
875 1754 933 1790 et:
967 1751 1048 1790 Hic
1079 1750 1197 1790 codex
1230 1750 1524 1797 manuscriptus

161 1816 283 1853 emtus
308 1815 363 1853 est
387 1812 581 1863 Lugduni
604 1813 697 1852 Bac.
724 1824 744 1851 c
764 1811 1009 1850 Bibliotheca
1030 1810 1087 1851 C'l.
1115 1810 1202 1850 Viri
1228 1812 1262 1848 et
1279 1809 1525 1858 praestantis

162 1874 306 1914 Graeci
331 1873 540 1912 Francisci
558 1872 718 1916 Nomii,
743 1873 811 1920 qui
835 1872 938 1910 idem
961 1882 1037 1910 sua
1061 1881 1186 1909 manu
1209 1870 1398 1917 scriptam
1421 1868 1523 1907 solae·

160 1933 297 1972 cluzam
322 1932 442 1981 (quae
458 1943 535 1981 per
558 1933 757 1971 incuriam
787 1932 933 1970 omissa
958 1930 1030 1980 est)
1055 1931 1293 1974 inseruerat,
1317 1939 1396 1978 qua
1420 1927 1525 1967 iudi-

161 1994 264 2032 cium
293 2004 411 2031 suum
442 1992 490 2030 dc
519 1993 593 2031 isto
624 1991 752 2030 codice
781 1991 838 2030 sic
874 1991 1050 2036 exposuit
1084 1991 1128 2027 ut
1154 1988 1340 2038 probaret
1368 1988 1527 2026 omnino

161 2053 465 2091 vetusussimum
496 2062 577 2090 esse
602 2053 637 2090 et
660 2053 751 2090 ante
775 2061 902 2089 annos
926 2050 1035 2089 mille
1058 2049 1248 2097 scriptum
1258 2042 1302 2100 ¹).
1338 2046 1437 2086 Pars
1462 2059 1524 2085 co·

162 2111 276 2160 dicis,
306 2123 410 2162 quae
436 2110 597 2149 Libanii
627 2110 823 2161 epistulas
847 2109 1070 2148 rubricatas
1091 2103 1318 2147 Ἐπιστολαὶ
1342 2106 1528 2156 λιβανίου

163 2175 356 2220 σοφιστοῦ
387 2167 597 2222 ἀντιοχέως
621 2171 800 2209 continet
824 2167 911 2222 (fol.
934 2164 1022 2217 32),
1054 2167 1171 2207 hodie
1199 2179 1340 2217 purum
1366 2167 1526 2217 integra

163 2233 235 2269 est.
275 2230 424 2280 Incipit
454 2228 505 2268 ab
538 2242 597 2279 ep.
621 2230 675 2268 68
703 2230 962 2278 continetque
983 2231 1076 2278 post
1101 2227 1205 2266 banc
1228 2238 1287 2276 ep.
1309 2222 1411 2277 β-ι’
1436 2224 1524 2276 (69.

166 2291 234 2329 67.
262 2290 329 2328 66.
359 2290 546 2328 'lo-72.
575 2290 629 2327 74
671 2290 739 2328 73.
767 2288 855 2336 751,
881 2287 950 2326 sed
974 2300 1065 2339 pag.
1089 2288 1142 2326 12
1165 2285 1295 2326 medio
1314 2287 1355 2325 in
1376 2285 1530 2325 scholio

164 2349 217 2388 ad
242 2349 345 2388 hanc
371 2347 587 2399 epistulam
613 2347 773 2398 desinit,
798 2360 887 2387 cum
913 2346 992 2386 duo
1016 2346 1161 2385 ultima
1184 2346 1305 2384 huius
1325 2344 1527 2396 quaterni·

228 2475 262 2519 1)
288 2474 326 2510 C.
347 2474 394 2509 de
414 2473 521 2519 Boot,
547 2472 666 2510 Catal.
689 2473 797 2510 codd.
817 2483 941 2519 graec.
962 2471 1083 2508 Berol.
1101 2483 1138 2517 p.
1161 2474 1238 2507 166.
