1872 2924
339 226 398 266 74
644 224 1011 261 PROLEGOMENA
1035 225 1101 260 AD
1126 223 1386 262 EPISTULAS

337 303 554 353 scriptione
587 303 653 341 fol.
683 303 767 341 214
800 300 950 341 ι’ωάνης
975 303 1015 340 et
1039 301 1188 342 ἰωάίιης
1212 300 1233 342 ὁ
1258 302 1521 354 χρυσολωράς,
1551 306 1691 354 postes

339 361 497 401 Isaaci
516 357 735 414 Vossii¹),
762 361 857 400 olim
881 361 924 399 in
949 361 1040 410 duo,
1064 373 1171 400 nunc
1194 363 1275 401 tria
1298 361 1452 402 divisus
1475 362 1691 407 volumina,

337 434 510 472 quorum
535 422 707 470 primum
731 420 1057 470 quaternionibus
1077 417 1127 460 ιε’
1148 421 1214 459 fol.
1238 422 1410 460 1——103
1432 421 1608 461 continet
1625 421 1690 460 Li-

338 480 449 519 banii
482 480 675 530 epistulas
706 478 896 518 librorum
928 479 1056 518 I—VI
1087 492 1146 530 ep.
1173 477 1214 518 ν’
1240 477 1305 533 (=
1327 476 1443 533 548),
1474 480 1690 520 secundum

343 541 426 578 117
459 539 568 579 foliis
593 534 870 591 (104—220)
895 537 1057 577 Libanii
1086 539 1278 589 epistulas
1308 539 1496 589 reliquas,
1526 541 1691 579 tertium

339 598 491 637 Iuliani
515 592 714 650 scripta.²)
751 597 998 648 Marginibus
1022 599 1297 648 imprimisque
1322 600 1524 648 superiore
1549 599 1638 638 folii
1665 601 1684 638 1

339 658 527 697 laceratis
551 657 757 708 inscriptio
781 657 954 706 exceptis
978 657 1157 706 reliquiis
1182 657 1350 696 duarum
1369 657 1594 696 litterarum
1612 673 1633 697 τ
1652 660 1694 697 et

339 732 356 756 ι
381 717 514 767 periit.
550 717 656 755 Huic
687 729 810 754 manu
841 716 1015 755 secunda
1045 717 1298 766 supraposita
1330 718 1390 755 est
1418 717 1626 767 inscriptio
1650 718 1693 756 in

338 776 440 815 duas
470 776 597 815 lineas
621 775 836 815 distributa
859 775 1036 827 λιβάνιος

850 832 1051 873 ἐπιστολαί
1073 837 1113 873 et
1131 834 1238 873 intra
1262 835 1334 874 has
1359 835 1447 874 loco
1471 835 1696 886 inscriptio·

343 897 405 934 nis
431 894 579 933 oblitae
605 906 726 932 manu
749 893 871 932 tertia
895 893 1072 945 λιβάνιος
1095 895 1285 932 iteratum
1304 897 1374 933 est.
1413 894 1516 933 Tum
1534 894 1695 933 demum

342 955 524 1005 sequitur
547 953 756 1003 inscriptio
781 965 806 991 a
830 952 995 992 librario
1020 953 1107 1003 ipso
1132 953 1311 1003 profecta
1335 953 1516 1004 λιβανίου
1540 952 1694 993 ἐπιστο-

343 1023 407 1064 λαὶ
432 1022 474 1063 α’
499 1020 564 1078 (=
589 1020 645 1075 1).
682 1022 756 1062 Oui
780 1023 997 1062 succedunt
1022 1023 1218 1073 epistulae
1244 1036 1368 1074 usque
1394 1008 1584 1077 ad}(==
1608 1020 1694 1077 17).

341 1085 448 1123 Tum
479 1083 650 1124 demum.
683 1083 798 1133 quasi
832 1082 906 1121 hae
934 1085 987 1122 17
1016 1083 1212 1132 epistulae
1237 1095 1315 1122 non
1341 1083 1486 1132 adsint,
1516 1084 1696 1133 sequitur

344 1191 438 1229 inde
465 1203 489 1230 a
513 1189 643 1229 medio
669 1189 736 1229 fol.
758 1190 801 1228 3¹
823 1189 926 1227 liber
949 1191 1101 1239 primus
1125 1191 1343 1239 inscriptus
1367 1144 1420 1241 ἑὲ
1439 1196 1476 1239 ἄ,
1502 1191 1573 1239 qui
1591 1202 1695 1229 com-

344 1249 556 1301 prehendit
580 1250 773 1299 epistulas
796 1249 970 1297 18—96,
995 1249 1064 1287 sed
1087 1250 1244 1300 integer
1262 1261 1340 1287 non
1361 1252 1431 1288 est.
1470 1250 1573 1288 Nam
1592 1251 1698 1288 inter

345 1310 414 1348 fol.
439 1311 495 1357 7',
526 1308 633 1359 quod
665 1320 759 1347 voce
790 1306 994 1354 ἐπιστολάς
1024 1308 1155 1346 media
1184 1308 1226 1346 in
1258 1308 1431 1358 epistula
1461 1314 1502 1347 ιᾶ
1533 1309 1597 1360 (*=
1619 1303 1695 1361 29)

343 1368 504 1417 desinit,
530 1370 571 1406 et
595 1367 662 1406 fol.
684 1369 723 1414 8,
748 1367 854 1417 quod
877 1367 1039 1406 vocibus
1064 1363 1090 1417 ἡ
1115 1366 1214 1418 πρὸς
1238 1365 1312 1417 τὴν
1336 1365 1432 1407 ὁδὸν
1451 1365 1568 1418 ὁρμή,
1593 1380 1696 1417 quae

346 1428 465 1466 finem
495 1428 649 1466 faciunt
679 1439 739 1477 ep.
768 1427 894 1474 1541,
923 1425 1077 1476 incipit,
1108 1439 1232 1464 unum
1261 1426 1403 1465 folium
1429 1423 1587 1474 excidit,
1618 1439 1696 1476 quo

348 1488 507 1538 praeter
531 1487 650 1524 finem
676 1499 735 1536 ep.
756 1491 797 1524 ιᾶ
821 1485 1016 1535 epistulae
1041 1482 1182 1536 ιβ-ιε’
1203 1488 1242 1524 et
1266 1486 1426 1524 initium
1452 1499 1512 1535 ep.
1532 1482 1587 1531 ις’
1607 1497 1697 1524 con-

347 1546 588 1585 tinebantur.
626 1546 730 1584 Nam
763 1557 877 1584 voces
907 1544 1002 1583 illae
1033 1541 1058 1595 ἡ
1085 1543 1183 1597 πρὸς
1207 1543 1281 1595 τὴν
1305 1542 1401 1584 ὁδὸν
1425 1542 1526 1596 ὁρμή
1552 1544 1696 1594 excipi-

346 1608 472 1644 untur
495 1617 600 1644 nova
626 1604 798 1655 epistula
824 1604 861 1650 ιζ
883 1598 948 1656 (=
970 1599 1057 1656 30).
1096 1603 1204 1649 Quae
1229 1616 1292 1642 res
1311 1616 1390 1642 non
1410 1603 1545 1653 potuit
1562 1604 1698 1655 fugere

348 1665 455 1703 viros
480 1664 630 1713 doctos,
654 1663 724 1714 qui
744 1663 918 1702 codicem
937 1663 1203 1713 usurpabant:
1230 1675 1397 1713 quorum
1417 1674 1521 1701 unus
1540 1663 1697 1702 saeculo

348 1722 533 1772 XVsXVI
559 1719 623 1775 (=
643 1718 721 1774 m³)
758 1724 800 1760 in
831 1722 908 1760 fine
941 1722 1010 1761 fol.
1032 1724 1077 1760 7v
1109 1723 1268 1771 scripsit
1302 1722 1489 1761 δοκοῦσιν
1522 1720 1698 1761 ἐνταῦθα

348 1782 537 1823 inciam
562 1781 639 1821 ἀπὸ
664 1787 733 1833 τῆς
752 1781 843 1821 coms
861 1780 1004 1832 ταύτης
1022 1779 1131 1833 μέχρι
1148 1787 1218 1832 τῆς
1237 1779 1433 1832 ἑπομένης
1453 1781 1537 1827 ιζ’ἰς
1556 1780 1604 1820 οὐ
1623 1779 1697 1833 γὰρ

348 1842 596 1894 συνεχίζεται,
626 1842 729 1880 alter
759 1841 879 1891 paulo
904 1842 995 1890 post
1020 1836 1085 1893 (=
1104 1836 1181 1893 m⁴)
1207 1840 1441 1890 subscripsit
1465 1838 1560 1879 ὥστε
1586 1840 1698 1890 ζητη-

349 1900 438 1941 τέον
464 1901 607 1951 ταύτης
632 1899 674 1941 τὸ
700 1903 836 1940 λεῖπον
860 1898 924 1939 καὶ
949 1905 1019 1951 τῆς
1040 1898 1234 1951 ἑπομένης
1252 1896 1277 1950 ἡ
1297 1897 1411 1951 ἀρχὴ,
1436 1898 1529 1946 ἴσως
1549 1897 1590 1938 δὲ
1609 1898 1698 1938 τού-

348 1976 429 2000 των
454 1959 595 2011 μεταξὺ
621 1957 687 1999 καὶ
711 1959 758 1998 αἱ
777 1956 911 1998 λοιπαὶ
935 1957 1098 1998 ἔσονται.
1136 1959 1234 1997 Post
1257 1958 1440 1997 ultimam
1465 1958 1582 1996 huius
1604 1958 1697 1996 libri

413 2097 447 2141 1)
473 2095 591 2131 Catal.
612 2107 699 2131 mss.
718 2095 889 2131 codicum
908 2096 1026 2131 Isaaci
1045 2095 1170 2131 Vossii
1194 2095 1438 2131 concinnatus
1457 2105 1480 2130 a
1498 2093 1615 2130 Paulo
1632 2093 1701 2130 Co-

350 2142 507 2178 lomesio
532 2143 590 2179 ed.
611 2143 745 2178 Fabric
776 2142 883 2177 Pauli
909 2142 1047 2179 Colom.
1068 2155 1153 2188 opp.
1173 2142 1382 2188 Hamburgi
1410 2146 1498 2177 170⁹
1518 2154 1554 2187 p.
1575 2144 1644 2177 853
1663 2153 1699 2178 n.

353 2194 414 2225 77:
448 2191 557 2226 Mille
581 2195 614 2227 et
638 2195 814 2226 trecentae
838 2190 996 2226 Libanii
1020 2191 1223 2236 Epistulae,
1253 2201 1374 2226 omnes
1397 2190 1566 2225 ineditae.
1605 2189 1700 2224 Iuli-

351 2239 421 2273 ani
437 2239 638 2283 Apostatae
656 2249 767 2283 opera
785 2238 920 2273 onmia.
952 2237 1041 2273 Post
1059 2237 1232 2273 Vossium
1252 2236 1515 2282 Spanhemium
1534 2235 1700 2272 codicem

351 2285 562 2330 possedisse
587 2285 683 2320 falsa
701 2285 774 2319 fuit
792 2284 920 2330 opinio
938 2285 1175 2330 Rostgaardi:
1195 2284 1350 2320 Vossius
1369 2285 1515 2319 tantum
1535 2282 1700 2319 codicem

351 2332 399 2367 ad
426 2332 526 2367 hunc
550 2332 713 2368 Parisios
738 2332 902 2368 miserat.

414 2394 449 2437 2)
458 2391 751 2474 ¹:Cobetalilnem
772 2390 867 2436 VIII,
890 2394 992 2435 1859,
1018 2395 1083 2426 341
1106 2402 1159 2436 sq.
1179 2390 1339 2426 Hertlin.
1359 2389 1478 2426 Praef.
1498 2389 1547 2425 ad
1565 2388 1701 2424 Iuliani

352 2450 437 2484 opp.
478 2468 484 2473 .
546 2451 582 2484 p.
644 2450 698 2483 sq.
