1872 2924
195 226 217 268 ᾖ
239 226 295 260 u.
319 220 385 259 DF.
411 218 532 269 [Lm]
558 218 629 257 ΕΡ.
652 222 755 256 1⁶5³.
805 224 826 265 5
847 215 903 256 16.
932 219 996 256 DE
1022 218 1171 256 EPIs'r.
1194 218 1376 256 MUTUIS
1431 218 1512 262 197

149 310 429 353 recensendam
461 321 547 349 esse
570 310 696 360 patet.
730 308 873 349 Paucis
898 308 997 349 locis
1021 308 1234 349 lectionem
1259 320 1363 360 quae
1388 308 1516 348 fertur

150 370 395 412 editionibus
414 382 437 409 e
456 368 614 409 duobus
633 367 834 408 codicibus
853 368 1089 408 Libanianis
1109 368 1291 418 vetustis,
1316 369 1450 408 Baroc
1475 369 1517 408 et

159 428 311 481 Vama,
337 430 502 470 correxi.

227 564 258 622 5
285 561 345 609 15.
384 563 446 607 lle
472 561 730 621 corpusculo
756 561 1046 621 epistularum
1073 562 1194 607 inter
1219 561 1431 607 Basilinm

543 628 589 673 et
613 627 840 673 Libanium
865 628 1129 673 mutuarum.

208 711 364 753 Ultimo
394 722 538 763 genere
562 709 746 750 codicum
776 710 1105 761 comprehensum
1138 712 1200 750 est
1230 710 1513 760 corpusculum

148 771 414 823 epistularum
443 771 549 810 inter
578 769 775 810 Basilium
808 772 848 809 et
878 769 1092 809 Libanium
1123 772 1367 809 mutuarum.
1412 768 1515 809 Sunt

149 831 347 883 epistulae
369 831 424 871 26
441 831 506 884 (—
520 842 732 880 commep.
751 826 918 882 1-26)‚
936 842 1106 880 quarum
1131 831 1182 869 11
1202 829 1358 879 Basilii,
1380 831 1433 870 15
1448 828 1513 868 Li-

147 891 259 931 banii
289 903 432 931 nomen
463 902 561 942 prae
593 902 635 930 se
659 890 807 930 ferunt.
845 890 902 929 At
926 891 1101 940 exceptis
1127 889 1281 929 duabus
1309 890 1364 929 24
1390 891 1432 930 et
1457 891 1512 929 25

147 946 214 1005 (—
236 952 318 991 501
348 952 390 990 et
412 945 538 1004 647),
563 962 667 1001 quae
700 948 908 990 Libanio
940 949 1294 1000 relinquendae
1325 953 1439 988 sunt
1461 952 1515 988 ut

147 1010 206 1051 ad
235 1006 476 1051 Basiliam
508 1009 764 1060 quendam,
794 1022 959 1048 verum
991 1022 1086 1049 non
1111 1009 1333 1060 Magnum
1358 1008 1513 1060 scrip-

145 1072 244 1120 tae,
276 1081 437 1110 omnes
461 1069 686 1109 ficticiae
711 1068 961 1109 habendae
987 1071 1109 1108 sunt.
1149 1067 1263 1115 Quod
1287 1071 1337 1108 ut
1361 1068 1511 1107 clarum

145 1129 238 1180 fiat,
268 1131 310 1169 et
345 1129 432 1169 fata
469 1129 698 1180 corpusculi
732 1128 984 1180 respicienda
1018 1131 1059 1168 et
1096 1129 1278 1180 singulae
1318 1128 1514 1179 epistulae

147 1189 436 1230 examinandae
460 1191 566 1228 sunt,
598 1188 677 1229 Sed
695 1190 737 1228 in
758 1188 993 1240 quaestione
1010 1188 1129 1228 valde
1147 1188 1340 1227 intricata
1358 1200 1514 1228 summa

149 1248 335 1290 cautione
361 1261 462 1300 opus
486 1251 557 1289 est.

206 1308 336 1349 Unius
356 1321 405 1348 ex
422 1308 486 1347 his
504 1308 687 1360 epistulis
706 1308 922 1360 vestigium
947 1309 1125 1359 primum
1149 1319 1198 1347 sc.
1216 1307 1273 1346 VI
1298 1308 1418 1348 extat.
1450 1307 1514 1346 Ad

146 1367 307 1408 Libanii
327 1368 432 1408 enim
450 1369 658 1420 personati
675 1367 798 1408 verba
816 1366 861 1408 ἐν
879 1366 1012 1408 κάλλει
1031 1389 1078 1395 -
1097 1366 1309 1418 κεκράτηκε
1325 1363 1400 1420 (ΧΙ
1415 1368 1515 1414 577,

147 1428 174 1468 8
191 1423 272 1482 sq.)
289 1427 455 1479 respicit
474 1428 503 1467 Z
515 1428 760 1468 acharias
785 1428 1048 1468 scholasticus
1066 1426 1109 1466 in
1135 1428 1223 1466 vita
1242 1426 1375 1467 Severi
1398 1438 1419 1465 e
1438 1426 1513 1465 lin-

146 1500 231 1539 gua
243 1487 402 1539 syriaca
415 1486 494 1542 (ed.
507 1487 705 1540 Spanuth,
715 1487 934 1539 Gottingae
951 1490 970 1527 1
980 1482 1087 1540 893>
1100 1486 1142 1525 in
1156 1486 1341 1538 gallicam
1355 1485 1514 1526 reddita

147 1547 199 1587 ab
218 1547 266 1588 A.
286 1547 500 1599 Kugenero
519 1544 739 1600 (Patrolog.
760 1547 903 1588 orient.
924 1546 964 1586 11
987 1549 1061 1586 13:
1089 1546 1151 1587 On
1171 1546 1368 1586 l’entendit
1386 1547 1512 1586 aussi-

146 1608 199 1647 tot
227 1608 334 1657 faire
365 1606 495 1657 mogo
524 1609 592 1647 des
622 1607 750 1648 latres
780 1607 980 1647 adresse'es
998 1619 1081 1656 par
1106 1606 1246 1646 Basilo
1270 1607 1296 1644 ὰ
1320 1605 1515 1645 Libanios

146 1669 182 1706 et
211 1667 260 1707 dc
290 1666 402 1707 celles
432 1678 506 1716 quc
528 1667 724 1707 Liham'os
755 1667 888 1707 ι”ωήυὶἰ
912 1679 960 1706 en
983 1666 1159 1716 re'ponse,
1189 1666 1293 1706 dans
1317 1665 1515 1714 laquelle:

144 1726 177 1766 il
200 1727 363 1766 avouait
386 1728 499 1766 avoir
524 1726 583 1766 e'te'
602 1728 750 1766 vae‘neu
766 1739 850 1776 par
868 1727 1008 1766 Basile
1027 1729 1062 1766 et
1079 1726 1281 1766 accordait
1299 1726 1340 1763 Ia
1357 1726 1516 1764 victoira

145 1797 228 1826 aux
250 1785 379 1826 latres
397 1786 445 1826 de
464 1782 651 1838 celui-oi).
671 1785 750 1825 Sed
767 1786 888 1825 etiam
910 1799 988 1826 nou
1009 1786 1140 1826 solum
1160 1786 1265 1824 hanc
1285 1784 1514 1835 epistulam,

147 1845 217 1885 sed
242 1847 371 1886 totam
397 1845 594 1898 syllogam
622 1846 838 1886 Zachariae
863 1848 999 1886 notam
1021 1846 1147 1885 fuisse
1167 1857 1215 1884 ex
1234 1843 1415 1884 hocloco
1435 1843 1512 1883 col-

144 1904 262 1956 ligas.
279 1904 470 1956 Idemque
489 1905 699 1945 dicendum
720 1907 784 1945 est
801 1905 850 1946 de
866 1906 1016 1946 Ioann
1027 1918 1048 1944 e
1062 1906 1265 1955 superiore
1279 1904 1514 1943 monasterii

145 1964 530 2016 Baitthphthonia
555 1967 718 2006 auctore
742 1967 854 2006 vitae
874 1965 1014 2006 Severi
1025 1961 1058 2017 ¹)
1083 1966 1124 2004 in
1152 1963 1343 2016 gallicum
1369 1975 1511 2002 sermo-

145 2036 235 2063 nem
261 2036 400 2064 versae
425 2037 451 2064 a
469 2025 684 2077 Kugenero
707 2025 733 2066 l.
754 2025 794 2075 1,
814 2026 965 2077 quippe
991 2026 1064 2076 qui
1081 2024 1191 2064 dicat
1208 2037 1247 2074 p.
1270 2023 1374 2063 215:
1398 2022 1444 2062 11
1468 2035 1514 2062 en

145 2080 239 2122 ἐίαίἰ
261 2084 314 2130 la,
344 2084 545 2134 lorsqu'zm
569 2085 617 2125 de
646 2095 707 2124 ses
737 2096 1012 2134 compagnons,
1042 2085 1111 2134 qui
1136 2084 1277 2123 aimm’t
1305 2082 1423 2128 Dim,
1456 2083 1513 2122 lm·

145 2142 280 2182 donna
302 2154 360 2183 un
389 2143 488 2183 livre
518 2143 574 2183 du
606 2144 739 2194 yrand
762 2145 913 2184 Basilo.
946 2144 1066 2184 Dans
1097 2154 1139 2183 ce
1169 2144 1268 2182 livre
1292 2141 1431 2181 Basile.
1454 2141 1514 2181 re'·

139 2203 309 2251 pondait
333 2214 416 2242 aux
438 2203 566 2243 lettres
590 2204 638 2243 de
656 2203 851 2244 Libanios
868 2204 1038 2253 sophiste-
1056 2202 1285 2243 &Antioche
1293 2196 1341 2255 ²).
1374 2201 1514 2252 Neque

206 2317 242 2357 1)
267 2314 395 2363 Steph.
422 2316 605 2360 Sikornki,
630 2316 832 2354 Zacharias
857 2318 1128 2360 Scholastikos,
1154 2320 1212 2352 92.
1238 2315 1452 2353 Jahn-bor.
1473 2315 1511 2352 d.

145 2362 286 2400 Schles.
311 2363 513 2401 Geeellech.
540 2364 566 2401 f.
585 2365 707 2402 vaterl
736 2365 868 2402 Cultur
894 2370 1000 2408 lou.
1024 2363 1241 2402 PhiL-arch.
1266 2362 1383 2407 seht..
1404 2368 1435 2400 ’1.

204 2419 241 2460 2)
267 2416 481 2454 Proximum
506 2420 633 2455 aetate
664 2418 712 2455 de
743 2430 876 2455 comm.
897 2431 944 2467 ep
971 2423 990 2455 7
1016 2418 1272 2455 ten-timonium
1308 2418 1369 2453 eet
1391 2417 1512 2453 Theo-

141 2463 314 2510 phylacti
339 2464 580 2511 Simooettae,
603 2466 668 2512 qui
691 2465 933 2513 locutionem,
958 2478 1034 2515 qua
1051 2466 1145 2503 haec
1170 2464 1322 2511 incipit,
1347 2466 1388 2501 iu
1406 2465 1511 2511 priu-
