1872 2924
315 229 405 272 220
620 227 990 270 PROLEGOMENA
1017 228 1083 264 AD
1100 229 1370 286 ‘EPISTULAS

316 323 387 357 τοῦ
411 315 455 357 ἐν
480 314 607 370 ἁγίοις
631 314 779 367 πατρὸς
803 313 918 367 ἡμῶν
936 317 1159 370 Γρηγορίου
1184 323 1255 357 τοῦ
1273 310 1480 371 θεολόγον.
1514 319 1674 359 Gorrec-

315 379 383 416 tus
403 378 464 416 est
481 389 604 415 manu
621 376 782 415 recenti.
816 376 862 415 In
882 376 1120 416 lectionibus
1132 376 1172 415 in
1186 378 1418 416 universum
1431 390 1518 417 cum
1533 378 1671 418 Mona·

316 435 422 475 censi
453 435 565 484 facit,
595 435 664 474 sed
688 434 765 474 fide
790 447 836 475 eo
861 435 1029 476 inferior
1053 438 1114 475 est
1139 436 1391 487 potissimum
1416 441 1580 488 propter
1602 451 1670 477 vo·

317 509 406 535 cnm
438 494 676 534 emissarum
706 495 986 544 frequentiam.
1023 495 1114 535 Mea
1144 497 1276 547 gratia
1301 508 1335 535 a.
1359 498 1471 536 1892
1498 497 1672 547 inspexit

317 557 359 593 et
383 567 405 594 e
429 556 543 604 parte
570 553 744 593 contulit
768 553 886 606 Hugo
912 554 1050 593 Linke.

375 613 435 652 Ex
455 613 701 664 Angelicano
720 615 823 652 teste
841 613 1099 664 inscriptione
1118 614 1188 653 fol.
1205 617 1225 653 1
1249 614 1474 667 Γεώργιο
1486 630 1505 663 ς
1523 617 1580 654 Μ
1584 629 1669 654 πε-

317 674 506 724 βαινῆς
540 670 813 723 Νόμπελος
846 677 933 724 τῆς
963 667 1366 723 Ἐπιδαύρου...
1402 672 1670 714 καὶτοῦτο

316 731 369 772 τὸ
403 731 612 784 βιβλίον
645 728 920 785 ὑπέγραψα
952 731 1027 780 εἰς
1060 731 1226 784 πόλην
1254 732 1620 785 Τριδεντήνεις
1646 746 1669 771 a

320 790 491 841 Georgio
517 786 742 844 Bebaome')
766 791 990 842 descriptus
1015 793 1076 831 est
1101 791 1222 831 codex

245 858 314 890 647
378 851 476 890 352.
504 850 900 890 Escurialensis
926 850 1123 889 Τ-ΙΙ-3
1156 846 1263 905 (139
1295 851 1338 890 in
1363 852 1481 891 catal.
1506 851 1670 891 Milleri—

319 904 415 963 ano)
441 910 564 949 chart.
583 909 736 948 formae
761 909 850 949 folii
873 921 925 948 sc.
945 910 1041 948 XVI
1072 910 1168 950 olim
1193 910 1424 950 Hurtadi
1454 911 1510 950 de
1534 910 1671 949 Men-

319 969 445 1009 doza
477 970 579 1008 teste
613 969 871 1019 inscriptione
906 969 973 1008 fol.
1006 972 1027 1008 1
1065 967 1168 1009 ἐστὶ
1202 968 1253 1009 τὸ
1287 969 1495 1023 βιβλίον
1521 974 1672 1009 τοῦτο

318 1033 407 1068 τοῦ
431 1023 1116 1080 τιμιοτάτου(εἰο)δυνάστου
1142 1029 1328 1080 κυρίου
1350 1027 1538 1082 Διὲγου
1564 1043 1672 1080 ουρ-

318 1086 450 1127 τάδω
485 1087 536 1127 δε
568 1086 842 1135 Μενδότζα
875 1086 1135 1140 πρεσβέως
1167 1094 1255 1128 τοῦ
1289 1087 1672 1141 αὐτοκράτορος

318 1145 542 1198 καρόλου
562 1148 629 1196 5⁰¹¹,
654 1147 723 1186 fol.
745 1150 766 1186 1
790 1159 846 1196 sq.
883 1148 972 1186 Mea
997 1147 1130 1199 gratia
1146 1148 1320 1198 inspexit
1339 1147 1506 1187 Carolus
1525 1146 1672 1186 Graux.

377 1205 520 1245 Altera
552 1206 707 1245 familia
741 1206 918 1245 ordinem
952 1209 1180 1246 mutuarum
1210 1206 1254 1246 in
1277 1207 1382 1245 hunc
1405 1206 1597 1246 mutavit:
1635 1208 1672 1244 7.

322 1269 359 1305 1.
388 1266 572 1305 15—22.
600 1266 725 1304 2—6.
754 1266 792 1304 8.
820 1266 858 1304 9.
888 1266 952 1305 13.
982 1267 1166 1305 10-12.
1205 1265 1325 1305 Cuius
1351 1269 1412 1305 est

248 1334 317 1365 648
381 1325 479 1364 353.
505 1325 834 1364 Monacensis
860 1338 917 1376 gr.
938 1326 1022 1364 497
1051 1320 1116 1375 (=
1135 1324 1269 1376 Mon),
1294 1325 1390 1364 olim
1409 1325 1673 1376 Augusta-

319 1396 437 1434 nus,
461 1384 625 1427 membr,
645 1385 796 1423 formae
816 1386 945 1434 quart.
965 1397 1015 1424 sc.
1037 1384 1106 1434 XI,
1132 1385 1200 1435 qui
1221 1385 1399 1423 continet
1418 1384 1596 1435 eclogam
1613 1385 1674 1422 in-

321 1444 513 1495 scriptam
547 1448 635 1482 τοῦ
667 1440 951 1495 ὡσαληθῶς
984 1443 1206 1496 μεγάλου
1249 1443 1519 1496 βασιλείου
1561 1441 1671 1483 ἐπι-

321 1500 496 1542 στολαὶ
522 1497 621 1542 οἷαι
645 1502 939 1554 θαυμάσιαι
963 1502 1078 1554 πρός
1102 1517 1235 1550 τινας
1259 1508 1355 1542 τῶν
1379 1501 1567 1542 ἑαυτοῦ
1587 1502 1672 1552 φί-

321 1565 418 1601 λων
437 1557 526 1615 (fol.
549 1557 593 1614 1)
603 1556 650 1615 ²),
675 1561 786 1601 cuius
804 1563 935 1611 prima.
954 1557 1036 1615 (α’)
1056 1564 1117 1601 est
1137 1564 1176 1612 2,
1200 1557 1266 1615 ρξ’
1284 1579 1329 1592 =
1350 1575 1408 1612 ep.
1432 1562 1530 1610 260,
1555 1560 1673 1614 ρξα-

322 1616 419 1674 ρπβ’
443 1620 512 1660 fol.
533 1622 787 1660 217v—224
812 1622 986 1671 mutuae,
1011 1618 1107 1675 qu'
1127 1639 1170 1652 =
1192 1635 1250 1672 ep.
1274 1622 1340 1662 38.
1376 1620 1547 1660 Contuli.

380 1685 428 1725 In
454 1685 591 1725 ordine
617 1685 879 1736 epistularum
905 1698 993 1726 cum
1017 1687 1169 1725 Monac.
1190 1687 1274 1725 497
1301 1698 1463 1737 prorsus
1489 1686 1675 1737 congruit

252 1754 320 1786 649
385 1746 482 1784 354.
508 1745 783 1784 Parisinus
814 1758 873 1796 gr.
894 1747 1005 1785 2991
1034 1745 1068 1783 A
1096 1745 1220 1784 chart.
1245 1746 1396 1784 formae
1421 1747 1497 1784 oct.
1523 1756 1574 1783 sc.
1599 1743 1674 1783 XV

324 1804 499 1853 miscell.‚
525 1804 621 1842 olim
639 1809 727 1855 τῆς
746 1802 895 1856 ἁγίας
912 1802 1229 1852 ἀναστασίας
1247 1805 1439 1844 montis
1458 1797 1676 1856 Athoi³)‚

324 1863 393 1913 qui
426 1864 588 1902 mutuas
620 1863 786 1914 praebet
818 1863 887 1903 fol.
914 1864 1146 1903 143-152
1172 1863 1384 1914 inscriptas
1409 1860 1676 1902 ἐπιστολαὶ

324 1921 602 1974 ἀμοιβαῖαι
644 1928 733 1962 τοῦ
771 1922 1014 1975 λιβανίου
1050 1921 1176 1975 πρὸς
1211 1922 1298 1963 τὸν
1335 1919 1493 1975 μέγαν
1530 1920 1674 1973 βασί-

324 1983 474 2021 λειον.
511 1981 703 2021 Ultimum
729 1976 827 2036 (12)
854 1994 947 2021 vero
966 1983 1149 2033 sequitur
1166 1982 1289 2033 prius,
1312 1981 1421 2020 utin
1438 1979 1567 2020 Vatic.
1589 1981 1674 2019 869

324 2036 467 2094 (supra
478 2054 516 2090 p.
530 2042 612 2080 209
625 2054 662 2081 n.
673 2036 778 2093 303)
792 2040 956 2094 λιβανίω
973 2039 1183 2094 γρηγόριος
1196 2037 1260 2094 (=
1273 2036 1391 2092 236),
1405 2053 1506 2091 quae
1519 2041 1674 2091 partem

324 2100 438 2139 illius
463 2099 586 2139 efficit
609 2101 652 2139 in
677 2100 810 2140 codice
841 2100 1023 2140 Laurent.
1044 2100 1133 2139 LIX
1154 2102 1223 2148 30,
1247 2101 1336 2139 tum
1361 2098 1503 2139 Basilii
1527 2098 1676 2138 electae

327 2172 387 2209 ep.
409 2160 505 2199 330.
533 2160 631 2198 332.
660 2161 756 2199 186.
785 2160 881 2199 187.
915 2159 1074 2199 Desinit
1096 2159 1164 2198 fol.
1187 2160 1283 2198 153.
1316 2158 1489 2209 Inspexi.

387 2222 485 2263 Cum
516 2224 585 2264 fol.
614 2225 846 2264 143—152
873 2224 1046 2264 Parisini
1078 2226 1190 2264 2991
1219 2224 1256 2263 Α
1281 2224 1402 2263 codex

389 2316 423 2359 1)
448 2313 587 2359 Graux,
618 2314 668 2350 Le
698 2314 809 2351 fonds
841 2316 888 2350 de
918 2314 1114 2351 l'Eecurial
1147 2318 1225 2351 189.
1260 2314 1309 2351 M.
1329 2312 1449 2359 Vogel
1479 2315 1519 2349 et
1543 2311 1676 2348 Gardt-

325 2361 594 2456 Ἆωῶθῖΐεῆιιὸ
620 2409 807 2445 ἐπιστολαὶ
831 2414 899 2445 τοῦ
924 2408 1085 2455 μεγάλου
1109 2407 1310 2457 βασιλείου,

390 2457 426 2502 3)
450 2454 659 2502 Scriptores
682 2456 881 2503 physiogn.
902 2457 928 2492 t.
948 2456 965 2492 1
989 2457 1106 2503 praef.
1126 2468 1163 2502 p.
1184 2455 1405 2492 CLXXXIV.

1867 604 1872 627 a-
1864 452 1872 579 ..a-s-—c—
1860 378 1861 382 Α
