1872 2924
322 246 409 289 228
624 245 990 283 PROLEGOMENA
1016 247 1083 283 AD
1102 246 1371 287 ,EPISTULAS

322 332 597 385 ἀμοιβοῖαι
630 328 726 386 (εἰσ)
768 340 857 374 τοῦ
901 334 1122 388 μεγάλου
1164 311 1552 387 βασιλείουλκαὶ
1585 343 1673 377 τοῦ

324 392 567 444 λιβανίου
599 393 674 432 hoc
705 393 861 433 ordine:
894 395 991 434 501.
1025 396 1121 434 647.
1150 396 1276 435 3-6.
1305 397 1372 435 10.
1398 397 1466 435 11.
1495 397 1531 435 1.
1559 397 1674 435 15-

325 454 391 490 22.
420 453 457 491 2.
487 453 523 491 7.
551 453 589 490 8.
617 455 684 492 13.
714 455 750 492 9.
779 454 846 492 12.
881 452 940 492 Of.
960 466 1086 504 supra
1109 455 1249 504 p.19o
1268 455 1408 494 n.273

385 510 482 550 Cum
506 511 580 550 hoc
606 511 766 550 videtur
791 524 875 552 esse
901 514 1095 564 cognatus
1120 513 1240 552 codex

253 582 321 614 656
384 577 480 617 401.
507 577 761 616 Parisinus
786 590 844 628 gr.
867 578 979 616 1428
1007 578 1131 617 chart.
1150 590 1202 617 sc.
1221 578 1328 628 XIV,
1353 579 1450 630 olim
1467 579 1678 619 Boistalle-

324 637 461 675 rianus
470 631 516 688 ²),
546 635 721 686 miscell,
753 636 824 687 qui
856 636 999 676 Basilii
1029 639 1070 676 et
1100 636 1260 676 Libanii
1288 638 1483 688 epistulas
1514 640 1677 678 mutuas

323 695 492 735 testibus
523 695 718 747 catalogis
744 695 914 735 Mellotii
946 698 987 735 et
1012 695 1189 736 Omontii
1214 698 1243 735 t.
1263 695 1304 735 II
1325 699 1376 736 41
1405 719 1464 724 —
1487 697 1573 748 ipse
1597 710 1676 737 non

322 754 478 803 inspexi
502 775 561 781 —
586 755 774 794 continet.
807 755 912 794 Nam
936 757 982 794 ut
999 756 1075 796 hae
1093 756 1137 795 in
1155 755 1428 796 Laurentiano
1447 758 1557 807 post
1575 755 1678 795 Pha-

324 813 464 852 laridis
481 813 678 864 Brutique
698 814 893 865 epistulas
912 814 1112 866 leguntur,
1129 816 1189 854 ita
1206 817 1249 854 in
1267 815 1342 854 hoo
1360 815 1490 854 inter
1509 815 1676 856 easdem.

385 878 565 929 Den'ique
585 891 645 929 ep.
662 880 760 919 501.
775 880 873 918 647.
897 892 1037 919 comm.
1058 893 1117 931 ep.
1134 882 1187 919 12
1208 881 1362 919 medio
1381 881 1424 919 in
1444 881 1677 932 corpusculo

325 939 557 977 mutuarum
583 940 810 984 occurrunt,
838 939 944 989 quod
971 939 1131 978 exhibet
1156 939 1277 979 codex

256 1007 323 1040 657
387 1003 484 1042 402.
511 1002 816 1043 Matritensis
843 1004 881 1043 N
909 1005 991 1043 116
1020 1004 1144 1043 chart.
1170 1002 1320 1054 partim
1337 1004 1565 1054 Mediolani,
1590 1017 1680 1055 par-

326 1062 399 1100 tim
426 1062 628 1102 Messanae
654 1075 679 1101 a
704 1062 966 1102 Constantino
991 1062 1154 1103 Lascari
1179 1064 1366 1103 exaratus
1389 1065 1492 1103 teste
1514 1063 1680 1114 inscrip-

327 1121 435 1160 tione
470 1121 537 1160 fol.
559 1122 607 1160 4v
632 1119 922 1174 ἐπιστολαί,
956 1120 1013 1170 ἃς
1037 1125 1420 1170 κωνσταντῖνος
1445 1120 1466 1163 ὅ
1492 1122 1679 1162 λάσκα-

327 1195 406 1230 ρις
436 1179 520 1220 καὶ
555 1179 687 1237 αὐτῷ
709 1179 927 1229 καὶτοῖς
952 1181 1259 1235 φιλολόγοις
1283 1180 1551 1235 ἕξέγραψε·
1594 1180 1681 1229 τὰς

329 1237 419 1291 μὲν
443 1238 496 1279 ἐν
520 1239 809 1296 μεδιολάνῳ
835 1239 922 1288 τὰς
948 1235 984 1280 δ’
1007 1239 1059 1281 ἐν
1085 1240 1313 1296 μεσσήνῃ
1338 1246 1426 1293 τῆς
1450 1240 1681 1289 σικελίας

328 1299 396 1338 fol,
427 1300 701 1339 low—116*
735 1300 949 1351 inscriptus
984 1298 1250 1340 ἐπιστολαὶ
1284 1299 1560 1352 ἀμοιβαῖαι
1592 1305 1680 1340 τοῦ

329 1358 551 1411 μεγάλου
582 1359 853 1411 βασιλείου
890 1358 974 1399 καὶ
1011 1360 1255 1412 λιβανίου
1293 1365 1381 1399 τοῦ
1416 1365 1680 1409 σοφιστοῦ.

332 1417 435 1456 Sunt
465 1430 604 1457 comm.
630 1432 689 1469 ep.
720 1422 754 1458 1.
789 1420 833 1469 23
865 1420 962 1459 501.
996 1420 1093 1458 617.
1120 1432 1258 1459 comm.
1287 1421 1360 1469 123
1394 1420 1550 1458 9-12,
1577 1419 1615 1457 5.
1643 1419 1681 1457 6.

331 1478 398 1515 22.
429 1478 613 1516 13—21.
653 1477 731 1517 Sed
761 1478 867 1518 inter
893 1480 946 1518 22
974 1480 1015 1517 et
1042 1479 1094 1518 13
1122 1478 1189 1518 fol.
1212 1479 1297 1518 114
1321 1478 1463 1517 Basilii
1488 1478 1681 1528 epistulae

330 1536 506 1587 quinque
526 1538 672 1576 extant.
707 1537 781 1588 Ep.
803 1539 855 1576 21
877 1537 946 1578 fol.
969 1539 1052 1577 117
1074 1537 1288 1578 succedunt
1306 1537 1483 1577 eiusdem
1502 1550 1561 1587 ep.
1583 1537 1680 1577 330.

332 1597 577 1635 332—334.
612 1596 782 1647 Inspexi.

388 1655 588 1694 Disiectae
614 1658 707 1695 sunt
731 1656 833 1695 duae
858 1655 1053 1706 epistulae
1081 1657 1162 1696 501
1192 1658 1233 1695 et
1259 1657 1343 1695 647
1368 1657 1412 1695 in
1437 1655 1569 1696 codice

390 1721 487 1759 403.
513 1720 774 1771 Rhysiensi
795 1722 850 1760 70
884 1733 935 1760 sc.
952 1720 1057 1760 XVI.
1088 1721 1162 1772 Ep.
1188 1722 1270 1761 501
1299 1721 1371 1760 sub
1395 1720 1511 1760 finem
1537 1719 1682 1772 prioris

330 1779 508 1831 syllegae
526 1779 673 1830 Lacap.
699 1782 820 1829 extat,
848 1781 932 1820 647
959 1782 1094 1820 autem
1117 1781 1311 1830 inscripta
1334 1779 1517 1835 βασιλείῳ
1542 1782 1596 1835 τῷ
1615 1792 1682 1830 με-

329 1838 434 1894 γάλῳ
453 1838 569 1878 finem
591 1839 688 1878 facit
706 1839 883 1879 alterius.
914 1839 1114 1890 Excerpsi.
1158 1839 1216 1880 Cf.
1235 1852 1356 1890 supra
1373 1853 1412 1890 p.
1429 1840 1512 1879 154
1532 1839 1681 1877 n.165.

390 1898 564 1937 Tantum
591 1912 651 1949 ep.
673 1899 754 1939 501
784 1898 971 1938 exhibent
994 1899 1036 1938 hi
1062 1899 1232 1939 codices:

391 1964 488 2002 404.
514 1962 783 2003 Vaticanus
815 1977 873 2015 gr.
897 1965 977 2003 711
1013 1976 1064 2004 sc.
1085 1964 1159 2003 XV
1184 1964 1258 2003 sub
1286 1963 1529 2003 collectionis
1558 1961 1683 2002 Laca-

330 2023 525 2072 penianae
545 2036 651 2062 num.
665 2019 747 2075 (ιγ’,
766 2023 835 2062 sed
854 2036 943 2062 cum
962 2023 1029 2062 fol.
1053 2025 1137 2063 174
1156 2023 1313 2063 desinit.
1339 2021 1509 2073 Reliqua
1528 2021 1682 2062 desunt.

333 2081 391 2121 cf.
418 2093 539 2132 supra
562 2096 600 2133 p.
623 2083 708 2121 150
733 2095 772 2121 n.
788 2083 884 2123 155.

391 2146 439 2185 In
457 2148 599 2185 ceteris
619 2159 679 2197 ep.
695 2148 779 2186 647
805 2147 917 2186 nulla
941 2147 1034 2199 alia,
1058 2148 1107 2186 ut
1130 2147 1302 2196 videtur,
1327 2144 1374 2185 de
1397 2158 1518 2186 causa
1537 2145 1685 2186 omissa

333 2208 393 2244 est
423 2205 502 2245 nisi
531 2206 642 2256 quod
671 2205 860 2246 librarius
891 2218 1054 2256 operam
1086 2219 1196 2246 suam
1229 2207 1311 2245 iam
1341 2207 1385 2244 in
1411 2206 1493 2244 501
1522 2203 1685 2244 deficere

332 2265 472 2303 voluit.
509 2264 575 2304 Ita
949 2300 957 2319 c

392 2331 491 2370 405.
523 2330 848 2369 Baroccianus
879 2344 939 2382 gr.
960 2331 987 2369 4
1019 2343 1071 2370 sc.
1097 2330 1193 2369 XIV
1227 2331 1380 2370 exeunt.
1412 2328 1684 2369 collectionem

333 2390 654 2439 Lacapenianam
679 2384 768 2442 (fol.
790 2392 812 2428 1
834 2386 911 2443 sq.)
937 2402 1017 2429 non
1040 2389 1149 2429 ultra
1173 2386 1264 2441 σξβ’
1283 2407 1328 2420 =
1348 2402 1408 2440 ep.
1430 2390 1512 2429 501
1539 2386 1685 2439 produ-

395 2480 429 2524 1)
456 2478 581 2525 Serap.
602 2477 697 2515 XIX.
723 2478 1012 2525 Intellig.-Blatt
1038 2481 1130 2515 1858
1153 2491 1190 2516 n.
1211 2483 1256 2515 22
1280 2491 1317 2525 p.
1339 2481 1418 2514 171.
1444 2480 1525 2513 229.
