1872 2924
411 210 431 249 5
451 209 484 241 4.
522 204 586 241 DE
613 204 835 242 ECLOGAE
859 207 899 242 Σ
921 204 1278 243 PROPAGINIBUS
1442 206 1524 251 107

165 297 266 339 670.
289 296 386 336 794.
407 295 506 334 342.
529 295 626 334 724.
648 295 746 334 383.
767 295 835 333 48.
859 295 926 335 52.
948 295 1046 334 409.
1068 296 1165 335 320.
1189 296 1273 335 329
1307 297 1405 337 337.
1428 297 1526 336 357.

167 357 266 396 344.
292 355 391 396 815.
421 354 545 394 1163.
576 355 701 394 1237.
729 355 828 394 618.
861 355 957 394 684.
993 355 1088 394 682.
1124 351 1230 409 635)
1262 359 1304 396 et
1333 359 1426 407 post
1455 354 1528 408 φη’

165 410 232 462 (-
249 410 353 465 721)
372 426 476 466 quae
501 414 574 453 has
595 413 795 454 debebant
819 413 932 464 sequi
952 417 1075 464 φθ-
1092 412 1179 463 φοί
1198 414 1264 465 (-
1280 416 1527 456 6661398.

169 475 296 516 1236.
316 475 415 514 413.
436 474 534 514 497.
556 474 654 514 535.
676 474 776 513 425.
797 474 896 514 428.
925 474 1022 514 319.
1050 475 1147 514 341.
1176 476 1273 514 324.
1301 476 1400 516 422.
1428 477 1527 515 453.

167 535 265 575 366.
294 535 420 575 1347.
449 534 546 573 431.
574 534 674 573 354.
700 534 799 573 315.
829 534 896 572 64.
925 533 1022 574 367.
1051 535 1149 574 404.
1177 535 1275 575 685.
1303 536 1401 575 317.
1429 536 1527 575 312.

166 595 265 634 349.
294 595 363 633 21.
386 593 482 633 776.
511 593 609 632 827.
637 593 704 632 68.
729 594 795 631 74.
823 594 891 632 93.
915 594 1011 632 105.
1041 594 1137 633 281.
1163 595 1287 633 1133.
1309 595 1407 635 689.
1429 595 1528 635 288.

165 654 265 695 518.
299 648 442 707 581¹).
476 653 574 692 632.
608 653 706 693 606.
741 654 839 692 673.
868 647 1010 706 732').
1044 655 1140 693 269.
1174 655 1273 694 309.
1305 655 1403 695 750.
1430 656 1528 694 721.

171 715 269 754 791.
295 713 395 753 795.
421 714 519 753 803.
546 713 644 751 826.
672 713 771 752 831.
799 714 897 752 834.
924 713 1022 752 835.
1051 713 1148 753 842.
1177 714 1275 753 867.
1303 715 1401 754 871.
1429 716 1527 755 877.

167 773 266 813 899.
300 773 398 813 926.
431 773 529 813 855.
563 772 661 812 893.
689 773 787 812 311.
815 773 912 812 423.
941 773 1038 812 373.
1067 774 1163 813 316.
1191 774 1297 823 3593
1331 775 1444 814 1559
1466 774 1530 813 W.

167 834 193 873 i.
214 846 246 872 e.
279 832 524 884 Procopii
556 830 746 872 Gazaei
781 845 840 882 ep.
863 833 918 871 87
945 828 1122 886 Herch.).
1178 832 1361 884 Denique
1399 846 1529 874 succe-

165 893 267 932 dunt
290 891 453 932 aliunde
478 894 662 943 sumptae
688 905 749 942 ep.
776 892 901 932 1543.
932 893 1058 932 1544.
1089 893 1201 932 1214
1227 888 1296 947 (cf.
1323 894 1430 933 infra
1453 893 1530 934 sub

165 966 202 992 n.
213 947 332 1006 274).
362 951 574 991 Gon-ectus
593 953 654 991 est
672 963 794 990 manu
813 951 988 991 secunda
1007 965 1054 991 ex
1074 952 1153 991 alio
1173 952 1398 992 codice.1n
1416 956 1530 994 textu

169 1026 245 1051 non
264 1013 395 1052 solum
414 1012 705 1064 neglegentiae,
730 1010 799 1050 sed
819 1011 942 1051 etiam
961 1013 1201 1051 temeritatis
1226 1013 1447 1063 specimina
1466 1025 1530 1052 ex—

167 1072 295 1121 hibet,
326 1071 538 1122 praecipue
571 1071 612 1110 in
642 1070 973 1122 inscriptionibus
1005 1074 1050 1111 ut
1080 1071 1270 1127 θεοδώρῳ
1302 1085 1374 1122 pro
1403 1071 1531 1129 πέτρῳ

165 1145 227 1183 ep.
248 1132 354 1181 880,
390 1130 572 1187 ᾇουφίνω
603 1144 677 1182 pro
709 1134 762 1187 τῷ
791 1130 898 1187 αὐτῷ
927 1126 973 1184 (i.
993 1144 1026 1170 e.
1053 1112 1288 1187 Δημονίκῳ)
1320 1144 1380 1182 ep.
1403 1133 1532 1182 1055,

167 1207 218 1231 τω
241 1188 348 1246 αὐτῷ
374 1185 419 1245 (i.
439 1204 471 1230 e.
499 1192 639 1230 Παλλα
643 1173 746 1247 δίῳ)
759 1204 831 1241 pro
858 1190 994 1246 φωτίῳ
1021 1204 1080 1241 ep.
1103 1192 1200 1240 891,
1232 1191 1434 1248 παλλαδίῳ
1458 1204 1532 1243 pro

164 1250 326 1306 leonio»
355 1264 417 1302 ep.
439 1252 543 1300 944,
569 1251 729 1306 λεοντίῳ
754 1263 827 1301 pro
853 1250 1055 1306 παλλαδίῳ
1087 1264 1147 1318 ep.
1164 1252 1248 1290 943
1277 1253 1350 1291 etc.
1390 1252 1531 1303 Itaque

166 1310 343 1362 exceptis
368 1310 552 1362 epistulis
576 1311 868 1350 1226—1228
897 1322 987 1350 raro
1014 1310 1099 1350 eius
1124 1310 1166 1349 in
1187 1323 1278 1362 app.
1301 1311 1388 1352 crit.
1408 1313 1531 1352 ratio—

168 1384 258 1410 nem
283 1370 417 1410 habui.

228 1430 265 1470 A
297 1430 567 1470 Laurentiano
597 1430 763 1480 propius
795 1442 916 1480 quam
950 1441 974 1468 a
1003 1429 1230 1469 Burneiano
1262 1432 1346 1470 stat
1375 1430 1532 1482 sylloga

165 1490 307 1539 altera,
333 1502 455 1540 quam
481 1489 646 1540 praebet
670 1490 790 1529 codex

231 1557 297 1594 71.
318 1555 580 1595 Vaticanus
606 1569 664 1606 gr.
687 1556 770 1594 937
793 1567 844 1595 sc.
859 1550 977 1609 XV')
997 1555 1064 1594 fol.
1083 1555 1318 1595 218—334
1338 1557 1532 1606 inscripta

166 1613 366 1655 ἐπιστολαὶ
402 1614 584 1666 λιβανίου
624 1619 829 1665 σοφιστοῦ.
881 1613 1192 1665 comprehendit
1233 1617 1289 1654 60
1326 1615 1530 1666 epistulas.

170 1673 380 1715 Consentit
403 1674 565 1726 quidem
591 1676 763 1725 primum
786 1674 924 1714 ordine
949 1675 1032 1713 fere
1057 1687 1148 1713 cum
1169 1674 1441 1714 Laurentiano
1467 1688 1531 1714 ex—

168 1736 285 1785 cepto
305 1734 412 1785 quod
432 1747 567 1774 omnes
587 1747 654 1773 eas
675 1734 946 1784 praetermisit
965 1734 1171 1785 epistulas,
1197 1747 1297 1784 quas
1322 1735 1433 1786 prior
1452 1735 1531 1786 syl·

170 1794 263 1845 loga
290 1794 355 1834 sol.
376 1796 596 1834 143-180
623 1794 908 1844 comprehensa
927 1796 967 1832 et
991 1794 1185 1844 inscripta
1204 1799 1274 1833 τοῦ
1299 1792 1424 1834 αὐτοῦ
1447 1793 1529 1835 ἐπι»

168 1852 303 1893 στολαὶ
328 1854 522 1905 incipiens
548 1853 597 1893 ab
624 1867 684 1904 ep.
706 1855 788 1893 831
813 1853 1036 1893 exhibebat.
1073 1852 1150 1892 Sed
1175 1853 1266 1893 inde
1292 1853 1342 1892 ab
1368 1867 1428 1904 ep.
1448 1851 1534 1906 oq(

172 1935 228 1942 --
253 1913 332 1962 vel,
363 1917 410 1953 ut
435 1913 622 1953 librarius
648 1914 878 1952 constanter
907 1925 1115 1963 perperam
1146 1913 1166 1961 ξ
1197 1925 1269 1964 pro
1302 1924 1326 1960 o
1357 1913 1533 1954 scribens

172 1973 346 2025 praebet,
366 1970 449 2025 ρξζ’
465 1995 519 2001 -
535 1968 600 2027 (=·
618 1969 692 2026 78)
713 1985 839 2022 usque
861 1972 914 2011 ad
933 1969 992 2011 σθ’
1014 1967 1079 2025 (=
1100 1968 1207 2026 455)
1227 1974 1397 2024 vestigia
1416 1973 1533 2013 huius

170 2045 260 2073 cum
285 2032 556 2072 Laurentiano
582 2045 794 2072 consensus
819 2031 1064 2071 dilabuntur.
1099 2032 1346 2072 Examinavi.

232 2092 304 2142 Ep.
330 2090 488 2132 α-λοί
527 2092 644 2131 huius
682 2092 862 2144 syllogae
908 2094 1114 2142 excerptae
1154 2093 1247 2131 sunt
1283 2092 1326 2131 in
1364 2092 1533 2144 sylloga,

173 2164 293 2200 quam
318 2151 483 2202 praebet
508 2152 629 2191 codex

234 2218 301 2256 72.
316 2217 465 2257 Musei
486 2218 763 2257 Britannici
783 2216 1077 2255 Harleianus
1093 2217 1206 2254 5735
1229 2217 1351 2256 chart.
1371 2217 1520 2256 formae
1534 2223 1603 2255 514

235 2310 267 2353 1)
293 2307 443 2343 Erravit
462 2311 594 2344 auctor
612 2307 777 2354 catalogi
798 2307 898 2353 typis
919 2306 1091 2351 impressi
1110 2306 1206 2342 hanc
1226 2306 1428 2352 epistulam
1445 2318 1529 2344 con-

173 2356 319 2392 tinuare
344 2358 483 2402 putans
508 2355 805 2391 antecedentem.

232 2404 270 2494 ξ)
294 2403 688 2487 ἓὲιῗιίιῐξὲιὲρὲτίξξω
712 2403 835 2438 verbis
861 2399 937 2437 ἀπὸ
964 2406 1036 2436 τῶν
1061 2400 1107 2446 (X
1129 2404 1209 2443 658,
1224 2405 1268 2451 ..).
