1872 2924
333 191 360 232 2
398 189 579 226 LIBANII
604 188 686 231 QUI
710 187 978 224 FERUNTUR
1002 187 1352 224 CHARACTERES
1377 188 1639 227 EPISTOLICI

336 277 426 327 ρεὺς
452 276 680 329 Δημήτριος
703 276 774 315 καί
795 291 851 324 τις
878 275 1088 327 ἀνώνυμος
1113 275 1201 329 περὶ
1221 276 1361 316 τούτου
1381 275 1452 328 μὲν
1472 274 1570 331 ὀλίγ’
1591 276 1687 319 ἄττα

335 337 584 390 παρέδωκαν,
610 334 675 374 διὰ
699 334 742 375 τὸ
767 336 857 375 λίαν
882 333 923 375 δὲ
949 335 1186 375 συνοπτικὸν
1209 341 1279 387 τῆς
1297 335 1434 384 λέξεως
1451 340 1533 384 τοῖς
1551 337 1686 378 νεωτέ-

335 412 420 449 ροις
445 395 669 446 ἀσύμφορα.
708 394 804 441 Quis
830 396 932 433 enim
953 396 1031 434 nisi
1051 400 1188 434 auctor
1206 395 1323 434 huius
1342 398 1536 438 tractatus
1556 397 1688 437 verbis

334 455 404 495 καί
426 470 483 502 τις
509 453 720 505 ἀνώνυμος
742 454 990 505 significatus
1009 466 1093 493 esse
1112 451 1273 504 potest?
1309 455 1451 505 Itaque
1470 457 1511 494 et
1528 455 1687 495 Libanii

334 518 375 553 et
398 514 530 553 Procli
556 513 755 552 Platonici
785 526 927 552 nomen
957 517 1096 564 postea
1127 514 1286 552 demum
1317 514 1454 553 libello
1486 515 1685 566 anteposi-

332 577 419 613 tum
440 586 522 612 esse
543 573 798 612 statuendum
819 575 891 615 est.
914 573 1137 623 Utrumque
1157 575 1356 611 auctorem
1377 586 1466 612 cum
1479 586 1686 625 argumen-

335 636 421 672 tum
447 635 488 671 et
510 633 640 671 forma
664 631 790 670 libelli
815 634 900 670 tum
927 632 1107 682 exempla
1132 632 1395 682 epistularum
1419 629 1687 684 excludunt1).

338 692 467 731 Codex
513 692 550 731 V
587 694 747 729 tantum
790 691 1088 741 inscriptionem
1132 690 1413 742 ἐπιστολιμαΐοι
1449 697 1688 745 χαρακτῆρες

334 751 510 802 praebet.
542 750 579 789 A
603 752 763 789 vetusta
788 750 928 789 salt-em
957 751 1150 789 memoria
1181 750 1359 790 codicum
1391 763 1481 789 cum
1511 751 1686 802 reliquo-

335 825 426 850 rum
454 823 616 860 operum
647 811 733 848 tum
767 809 1031 860 epistularum
1056 809 1217 848 Libanii
1247 810 1310 848 hic
1341 810 1500 849 libellus
1523 822 1688 860 prorsus

335 870 459 908 abest.
492 869 582 908 Lib
592 870 704 907 anio
722 871 769 908 ut
787 869 1029 908 tribueretur
1053 882 1133 908 non
1157 870 1285 908 solum
1309 870 1418 908 fama
1443 869 1588 908 celebri
1607 881 1688 920 qua

334 931 368 968 is
388 930 431 968 in
450 928 633 979 epistulis
653 928 868 968 scribendis
886 923 1143 979 fruebatur²)‚
1156 928 1223 967 sed
1243 929 1364 967 etiam
1383 930 1687 980 praeceptorum

333 989 515 1039 ipsorum
547 988 719 1038 quadam
745 983 1043 1040 consensione³)
1076 988 1257 1026 effectum
1289 988 1447 1027 videtur
1476 1000 1571 1027 esse.
1614 988 1685 1027 At-

336 1060 414 1098 que
444 1046 605 1085 Libanii
635 1047 807 1086 nominis
838 1047 991 1097 primus
1021 1047 1136 1086 testis
1167 1049 1227 1085 est
1254 1047 1487 1086 Maximus
1518 1047 1586 1085 ille
1616 1047 1689 1097 qui

334 1108 461 1146 fertur
492 1105 766 1153 Ooufezzsor,
802 1107 1060 1145 concinnator
1091 1105 1266 1145 locorum
1300 1101 1609 1159 communium‘)
1644 1107 1688 1144 in

336 1179 514 1206 sermone
528 1165 585 1203 VI
598 1163 685 1217 περὶ
705 1165 834 1216 φίλων
852 1163 918 1205 καὶ
938 1165 1199 1216 φιλαδελφίας
1216 1179 1253 1215 p.
1268 1167 1353 1205 550
1367 1164 1501 1204 Comb.
1516 1160 1580 1218 (-=
1590 1168 1619 1204 t.
1630 1167 1683 1204 91

335 1226 408 1265 col.
432 1226 529 1274 763,
550 1226 573 1263 7
596 1227 636 1263 et
656 1226 681 1263 9
705 1225 764 1263 ed.
785 1220 950 1278 Migne),
977 1238 1001 1263 a
1020 1237 1099 1274 quo
1118 1225 1356 1263 Antonius
1375 1224 1572 1264 Melissa
1588 1225 1610 1263 I
1629 1225 1688 1263 24

336 1287 378 1324 et
404 1286 458 1324 25
492 1284 539 1335 (t.
564 1285 645 1322 136
679 1284 740 1323 col
774 1285 858 1323 852
884 1288 933 1322 »et
965 1279 1071 1337 853)
1105 1287 1146 1323 et
1172 1284 1378 1322 Michael
1402 1284 1687 1334 Apostolius

334 1356 445 1395 prov.
464 1344 485 1382 I
506 1345 588 1382 679
615 1342 800 1394 pendent.

397 1403 557 1442 Procli
589 1405 722 1441 autem
753 1415 896 1441 nomen
927 1402 1035 1452 quod
1065 1402 1235 1441 ascitum
1260 1403 1331 1451 est,
1356 1402 1398 1439 in
1423 1414 1541 1441 causa
1566 1402 1689 1441 fuisse

335 1462 496 1502 videtur
519 1463 580 1501 vis
604 1462 677 1500 illa
702 1475 821 1512 quam
847 1462 1021 1512 epistula
1042 1463 1083 1500 in
1102 1462 1220 1500 huius
1239 1461 1287 1500 de
1305 1460 1514 1513 generibus
1532 1461 1689 1499 dicendi

337 1521 519 1561 doctrina
538 1523 580 1560 in
600 1521 909 1560 chrestomathia
928 1522 1190 1572 grammatica
1201 1521 1360 1571 prolata
1372 1514 1567 1572 habuit5).
1594 1520 1688 1559 Pro-

338 1581 391 1620 cli
415 1594 508 1619 vero
535 1593 678 1619 nomen
698 1577 870 1619 inditum
890 1585 950 1619 est
968 1582 1119 1619 formae
1138 1580 1264 1618 libelli
1282 1580 1362 1618 iam
1383 1591 1460 1618 non
1480 1579 1686 1630 genuinae,

337 1640 405 1679 sed
431 1642 471 1678 et
488 1640 530 1677 in
550 1639 686 1679 ordine
704 1641 881 1690 partium
900 1642 941 1679 et
958 1641 999 1678 in
1019 1642 1135 1678 textu
1153 1639 1361 1679 verborum
1381 1640 1571 1677 mutatae.
1603 1638 1688 1677 Hoc

338 1712 431 1738 vero
456 1699 606 1737 factum
633 1701 704 1748 est,
728 1701 940 1749 postquam
966 1700 1096 1738 forma
1117 1700 1292 1750 genuina
1311 1711 1390 1736 non
1409 1698 1536 1737 solum
1557 1697 1687 1736 tribus

337 1759 628 1809 paradigmatis
652 1761 988 1810 παραμυθητικῆς
1007 1753 1117 1811 (72),
1142 1762 1410 1810 μετριαστικῆς
1429 1751 1538 1810 (87),
1561 1756 1687 1808 αἰνιγ-

399 1896 434 1941 1)
454 1894 598 1930 Weich.
621 1906 658 1940 p.
672 1894 771 1929 XXV
792 1906 846 1939 sq.

339 1989 356 2025 ἐ
399 1945 435 1987 2)
454 1942 582 1977 Liban.
603 1953 654 1977 or.
674 1941 759 1977 XIII
783 1945 821 1986 (t.
841 1941 876 1977 II
896 1946 953 1987 81,
980 1943 1054 1988 19):
1081 1941 1149 1987 τὴν
1168 1943 1356 1978 δοκοῦσαν
1374 1939 1477 1985 ὥραν
1497 1946 1571 1976 τῶν
1590 1940 1688 1986 ἐμῶν

355 1992 550 2025 πιστολὼν.

399 2038 435 2082 3)
468 2036 521 2072 Cf.
547 2036 648 2072 locos
680 2048 738 2082 ep.
769 2040 848 2072 606.
879 2040 957 2072 716.
986 2040 1078 2072 1225
1113 2047 1205 2081 quos
1235 2036 1378 2081 Proleg.
1403 2039 1425 2079 ξ
1445 2040 1461 2069 1
1500 2034 1612 2070 attuli
1650 2036 1688 2070 et

339 2084 483 2119 Weich.
510 2096 547 2129 p.
570 2083 669 2118 XXV
683 2096 754 2129 sq.‚
797 2086 992 2130 praeterea
1027 2084 1202 2119 Ioannem
1242 2083 1528 2128 Rhakendytam
1565 2081 1687 2126 (Walz

339 2131 448 2166 Rhet.
469 2131 520 2166 Gr
550 2131 703 2176 111559)
735 2134 772 2166 et
803 2131 941 2166 Lucam
967 2132 1148 2167 Notaram
1174 2131 1352 2176 (Boisson.
1379 2131 1517 2166 Anecd.
1539 2129 1571 2162 V
1593 2131 1686 2174 133).

400 2180 434 2224 4)
461 2178 580 2222 Elter,
607 2178 738 2214 Gnom.
765 2179 1008 2215 homoeomat.
1030 2180 1045 2213 1
1066 2182 1109 2214 '10
1130 2190 1183 2224 sq.
1204 2178 1310 2222 Holl,
1343 2178 1410 2213 Die
1430 2179 1544 2213 Sacra
1562 2175 1687 2211 Paral-

339 2226 416 2261 lela
436 2227 500 2261 des
519 2226 596 2262 Ioh.
618 2226 870 2262 Damascenus
895 2227 1026 2268 (Texte
1043 2226 1120 2261 und
1140 2225 1361 2261 Untersuch.
1383 2225 1480 2269 XVI)
1505 2228 1584 2259 286.
1606 2226 1687 2259 ³10.

342 2277 422 2309 379.
449 2277 529 2308 383.
557 2273 782 2319 Fragmenta
812 2275 879 2309 der
898 2273 996 2309 Sacr.
1025 2274 1107 2309 Par.
1132 2273 1170 2319 (l.
1191 2273 1214 2309 l.
1236 2273 1315 2318 XX)
1343 2285 1377 2318 p.
1399 2272 1466 2307 XII
1479 2283 1522 2316 sq
1559 2274 1601 2306 A.
1622 2270 1688 2305 Er-

341 2321 446 2364 hard,
472 2321 556 2366 Byz.
579 2321 754 2356 Zeitschr.
776 2321 806 2355 X
826 2322 947 2368 (1901)
971 2325 1052 2357 414.

402 2370 436 2412 ὅ)
461 2367 503 2403 Ο.
524 2368 714 2410 Immisch,
740 2368 962 2403 Festschrift
991 2369 1052 2403 fiir
1076 2367 1257 2413 Gomperz
1283 2371 1363 2402 267.
1405 2367 1460 2401 Fr.
1485 2364 1602 2410 stein,
1633 2364 1688 2399 De

341 2415 462 2450 Procli
488 2415 779 2451 chrestomathia
804 2416 1063 2461 grammatica,
1089 2416 1240 2450 Bonnae
1269 2418 1370 2456 1907,
1399 2418 1454 2450 12.
