1872 2924
201 215 384 254 unum
406 214 493 261 QUI
515 214 782 254 rmum
801 213 1155 252 cuamc'rsmss
1179 213 1443 252 sms'rouci
1493 214 1518 257 ’1

162 303 185 347 ὁ
207 305 251 347 ἔκ
268 311 339 359 τῆς
358 304 550 359 φρυσίας]
570 311 650 346 τῶν
673 310 819 357 τεχνῶν
841 303 909 346 καὶ
927 310 998 357 τῆς
1018 300 1210 356 ἰατρικῆς]
1231 303 1468 351 διδάσκαλος
1491 301 1519 356 ἢ

162 364 371 418 σοφιστὴςε
404 364 513 414 Δόξα
542 362 839 419 πανταγαδότη]
857 368 942 405 θεῶ
967 364 1035 404 fol.
1056 364 1281 404 98—101¹
1303 364 1520 415 inscriptus

161 425 343 478 λιβανίου
374 430 566 476 σοφιστοῦ
596 423 881 476 ἐπιστολιμαῖοι
909 428 1160 477 χαρακτῆρες.
1204 422 1385 463 Collatus
1410 425 1471 463 est
1495 435 1521 462 a

163 485 399 535 Weioherto‚
418 485 488 536 qui
507 498 598 525 eum
617 486 754 525 littera
770 485 824 524 W
837 485 1072 537 insignitum
1087 497 1127 535 p.
1139 483 1269 523 XLIV
1287 483 1332 523 in
1350 496 1521 535 appara·

162 547 249 586 tum
271 545 433 596 recepit.
466 545 558 596 Ipse
582 545 820 594 examinavi,
843 544 912 585 sed
937 557 1028 584 cum
1052 544 1134 584 fere
1159 555 1250 582 cum
1270 542 1521 584 Berolinensi

162 606 358 658 congruat
375 606 417 644 et
428 605 500 645 ubi
511 605 691 649 discedit,
711 606 846 656 peccet
859 625 917 632 —
929 605 1059 644 scatet
1070 604 1176 642 enim
1188 603 1299 643 vifiis
1313 615 1337 642 a
1355 603 1522 643 librario

162 663 316 705 Occone
340 664 502 716 linguae
520 677 686 717 graecae
704 677 847 715 parum
866 675 991 715 gnaro
1010 662 1301 712 commissis—‚
1326 662 1376 702 ab
1396 675 1522 714 appa-

161 727 254 764 ratu
278 725 417 765 critico
441 726 605 765 removi.

226 784 292 824 13.
320 782 584 824 Vaticanus
610 797 667 836 gr.
688 780 788 837 82¹)
814 782 943 823 bomb.
962 783 1114 822 formae
1139 784 1215 823 oct.
1235 782 1328 822 mai.
1346 794 1400 822 sc.
1425 780 1522 822 XIV

161 843 340 884 continet
363 843 432 883 fol.
455 845 687 884 190—192
714 843 896 883 libellum
920 843 1041 882 titulo
1063 843 1234 894 privum,
1259 842 1329 882 sed
1346 841 1523 881 medium

161 903 268 943 inter
290 902 526 943 Libaniana.
558 903 784 953 Adhibitus,
809 902 878 943 sed
901 903 945 941 in
969 903 1210 954 apparatum
1235 914 1316 941 non
1340 903 1523 953 receptus

162 964 226 1002 est
242 962 293 1002 ab
313 963 498 1013 Hinckio,
516 964 590 1014 qui
608 976 697 1003 eum
716 977 755 1014 p.
773 964 858 1002 545
879 964 976 1002 nota
997 964 1050 1002 17
1072 961 1293 1013 descripsit.
1319 961 1522 1001 weicher-

162 1024 228 1062 tus
251 1034 345 1062 eum
369 1023 518 1062 litteris
551 1023 599 1062 Vt
622 1023 834 1075 insignivit
856 1036 894 1074 p.
914 1021 1058 1062 XLIV.

226 1083 292 1122 14.
323 1082 577 1122 Parisinus
608 1096 666 1135 gr.
690 1083 801 1123 1389
841 1083 967 1122 chart.
998 1082 1150 1122 formae
1188 1083 1319 1132 quart.
1350 1094 1402 1122 sc.
1434 1080 1510 1120 XV
1523 1088 1594 1120 425

160 1142 326 1182 miscell.
350 1142 419 1182 fol.
440 1144 676 1183 351—354
700 1143 916 1193 inscriptus
942 1141 1125 1194 λιβανίου
1151 1146 1343 1192 σοφιστοῦ
1369 1139 1524 1181 ἐπιστο·

161 1203 312 1253 λιμαῖοι
344 1207 595 1254 χαρακτῆρες.
641 1202 873 1254 Sequuntur
905 1201 1023 1242 τύποι
1055 1200 1304 1242 inmolant.
1343 1200 1525 1240 Contulit

164 1260 432 1310 weichertus,
464 1262 536 1312 qui
566 1275 659 1302 eum
683 1263 821 1302 littera
845 1263 884 1301 P
902 1261 1113 1314 insignivit
1135 1275 1174 1313 p.
1194 1261 1313 1300 XLV.
1350 1260 1524 1312 Inspexi.

227 1322 292 1361 15.
320 1321 587 1362 Vaticanus
611 1322 871 1361 Palatinus
896 1335 955 1373 gr.
977 1321 1062 1361 358
1095 1321 1220 1361 chart.
1251 1321 1404 1361 formae
1434 1322 1511 1360 oct.
1525 1327 1597 1360 426

161 1393 214 1420 sc.
246 1380 319 1420 XV
351 1382 505 1421 exeunt.
538 1382 606 1423 fol.
635 1382 907 1421 224'—228¹
937 1381 1073 1421 omisit
1101 1393 1265 1432 prorsus
1297 1380 1524 1431 exemplum

161 1446 433 1493 μετριαστικῆς
458 1442 528 1490 87,
559 1441 666 1492 quod
690 1441 732 1480 in
757 1441 858 1481 BW
883 1441 1081 1482 Vaticano
1107 1441 1162 1480 82
1196 1436 1380 1480 Parisino
1408 1440 1522 1480 1389

162 1500 394 1540 mutilatum
432 1501 494 1540 est
529 1499 713 1549 ταπεινὸς
748 1496 851 1541 εἶναι
890 1498 958 1541 καὶ
995 1498 1148 1553 ἄσημος
1182 1498 1221 1548 ἐξ
1259 1497 1424 1552 ἀσήμων
1456 1497 1525 1540 καὶ

163 1558 411 1608 ἀπαίδευτος.
446 1561 696 1600 Weichertus
715 1573 807 1600 eum
825 1561 974 1600 litteris
997 1561 1071 1599 Pal
1089 1560 1301 1613 insignivit
1323 1573 1362 1611 p.
1381 1558 1513 1599 XLIV

226 1620 293 1660 16.
311 1619 791 1671 Hierosolymitanus
810 1620 1139 1660 bibliothecae
1158 1619 1512 1671 patriarchalis
1528 1626 1595 1659 427

166 1680 248 1719 217
260 1673 295 1732 ²)
321 1679 446 1719 chart.
466 1680 617 1720 formae
638 1682 714 1720 oct.
735 1693 787 1720 sc.
806 1679 922 1719 XVII
941 1680 1009 1720 fol.
1033 1680 1287 1719 141—151'
1306 1679 1523 1730 inscriptus

162 1739 346 1790 λιβανίου
371 1745 565 1790 σοφιστοῦ
590 1738 873 1791 ἐπιστολιμαῖοι
897 1745 1147 1792 χαρακτῆρες.
1185 1738 1357 1790 Inspexi.

225 1798 412 1838 Eiusdem
437 1801 593 1851 generis
619 1799 741 1839 fuisse
767 1799 927 1839 videtur
950 1799 1071 1839 codex

226 1859 294 1898 17.
310 1857 888 1910 Constantinopolitanus
904 1858 941 1898 S.
955 1858 1181 1910 Sepulcri
1197 1860 1265 1907 74,
1279 1860 1398 1897 antea
1413 1858 1512 1908 619,
1525 1864 1597 1897 428

163 1917 289 1957 chart.
315 1930 351 1957 a.
373 1919 489 1959 1720
515 1932 540 1958 a
564 1918 779 1958 Parthenio
801 1919 976 1959 Macario
1002 1921 1188 1958 exaratus
1214 1918 1282 1958 fol.
1306 1920 1327 1957 1
1356 1917 1525 1968 inscrip-

165 1979 230 2016 tus
262 1978 445 2029 λιβανίου
478 1984 670 2029 σοφιστοῦ
701 1977 986 2030 ἐπιστολιμαῖοι
1015 1982 1275 2030 χαρακτῆρες,
1309 1990 1428 2028 quem
1459 1976 1526 2015 de·

162 2037 326 2087 scripsit
338 2037 620 2089 Papadopulus
636 2037 852 2078 Kerameus
860 2033 908 2093 ⁸),
934 2039 1019 2089 ipse
1037 2039 1143 2078 inter
1162 2037 1315 2077 codices
1334 2036 1447 2076 illius
1465 2035 1528 2076 bi-

165 2094 387 2136 bliothecae
412 2110 448 2138 a.
471 2098 584 2137 1896
611 2098 763 2137 frustra
788 2093 1025 2150 quaesivi⁴).

167 2184 214 2220 de
239 2185 310 2222 hoc
334 2197 409 2222 uno
435 2187 564 2223 codice
589 2187 831 2225 miscellaneo
856 2187 1039 2234 opuscula
1063 2187 1294 2224 diversorum
1319 2187 1527 2227 auctorum,

164 2232 238 2268 sub
267 2244 426 2279 quornm
456 2234 606 2270 nomine
637 2235 810 2278 Ebertus,
842 2235 938 2272 Bibl.
965 2235 1085 2272 Guelf
1112 2235 1230 2271 Codd.
1256 2233 1407 2281 Lipsiae
1434 2237 1526 2269 1827

164 2280 325 2327 sparsim
350 2282 519 2318 codicem
542 2282 685 2327 citavit,
710 2283 918 2330 complexo.

230 2328 263 2373 1)
288 2328 343 2365 cf.
363 2331 391 2366 t.
410 2329 426 2365 1
452 2333 498 2365 48
524 2342 559 2367 ιι.
581 2334 636 2367 10.
667 2296 820 2379 Prolegp
834 2331 903 2367 sub
928 2343 965 2368 n.
986 2334 1007 2366 ⁶
1027 2331 1066 2367 et
1087 2334 1166 2367 1⁹4.

228 2378 263 2422 2)
228 2376 555 2472 Ξ’ζΡιὶιιᾶοέιῦιΙιιε
582 2377 797 2424 Kerameus,
826 2378 943 2415 Catal.
965 2378 1074 2415 codd.
1093 2377 1236 2414 Hieros.
1258 2380 1284 2414 t.
1306 2377 1374 2424 Ip
1397 2380 1479 2413 298.

394 2437 412 2460 t
567 2428 624 2462 87.

228 2473 264 2515 4)
290 2471 347 2508 De
369 2471 423 2508 fol
454 2476 516 2509 92·
510 2437 586 2509 1)ch
607 2472 753 2520 Proleg.
772 2473 841 2510 sub
866 2486 903 2510 n.
923 2477 1004 2510 291.
