1872 2924
350 194 405 235 14
441 193 626 229 LIBANII
652 193 734 236 QUI
759 194 1025 231 FERUNTUR
1049 190 1397 233 CHARAC'I‘ERES
1415 197 1683 236 'EPISTOLICI

345 294 367 319 e
398 284 514 332 parte
538 283 695 321 tantum
729 283 905 322 codicem
936 285 1146 334 usurpavit
1169 284 1307 324 littera
1334 286 1376 325 X
1396 286 1631 339 insignitum
1658 301 1698 339 p.

347 341 445 380 545.
478 341 640 380 Partem
667 342 853 392 opusculi
878 355 925 380 ex
951 355 997 382 eo
1023 343 1265 393 descriptum
1284 344 1581 396 Boissonadius,
1606 346 1698 386 Phi-

344 400 454 439 lostr.
475 401 589 450 epist.
609 400 777 440 Parisiis
803 405 844 440 et
861 401 1021 452 Lipsiae
1043 403 1170 451 1842,
1197 404 1250 443 52
1278 416 1334 454 sq.
1355 404 1491 445 edidit.
1522 405 1614 456 Ipse
1638 407 1699 445 in-

343 471 466 509 spen.

405 518 504 557 Cum
530 519 604 558 hoc
627 519 688 558 ita
711 521 926 570 conspirat,
951 521 998 559 ut
1021 533 1068 559 ex
1087 533 1132 560 eo
1155 521 1377 572 descriptus
1402 535 1487 562 esse
1512 523 1700 564 videatur

271 597 340 630 441
407 591 473 628 31.
500 589 758 629 Parisinus
777 604 835 642 gr.
849 592 976 640 2551,
989 591 1099 642 prius
1112 594 1286 632 numeris
1301 594 1429 643 1587,
1443 595 1698 644 1727,3233

343 648 572 701 insignitus,
591 649 715 689 chart.
734 650 886 689 formae
906 652 1037 700 quart.
1057 651 1218 690 miscell.
1233 664 1285 690 sc.
1298 652 1372 691 XV
1390 653 1458 693 fol.
1475 655 1695 694 119—123

343 707 571 748 rubricatus
590 706 766 761 πρόκλου
791 714 862 748 τοῦ
887 712 1135 750 πλατωνικοῦ
1154 709 1243 763 περὶ
1267 709 1559 763 ἐπιστολιμαίου
1577 726 1698 767 zapa-

342 771 487 820 κτῆρος
506 767 737 808 abHinckio
749 781 788 819 p.
803 769 886 807 545
906 769 1043 808 littera
1063 770 1099 808 Y
1115 770 1330 822 insignitus
1348 770 1416 811 sed
1435 784 1456 810 e
1475 773 1590 822 parte
1607 775 1696 811 tan-

343 828 434 865 tum
459 826 662 866 adhibitus
689 829 761 877 est,
793 828 906 866 cuius
932 829 1057 879 copiis
1082 829 1144 868 usi
1170 841 1307 869 sumus
1333 830 1595 877 Weichertus,
1625 833 1698 882 qui

344 898 437 925 eum
462 886 609 925 litteris
627 887 689 937 Py
711 887 923 939 insignivit
940 901 978 938 p.
998 888 1043 938 L,
1065 900 1229 939 egoque,
1248 889 1320 940 qui
1337 889 1512 929 codicem
1529 890 1697 941 inspexi,

343 944 412 985 sed
439 944 488 984 ab
514 948 713 996 apparatu
738 946 897 986 exclusi.

402 1004 463 1043 Ex
493 1005 568 1044 hoc
598 1004 821 1056 descriptus
847 1007 919 1055 est,
950 1007 1097 1057 quippe
1123 1008 1193 1058 qui
1216 1007 1338 1046 etiam
1361 1007 1402 1046 in
1429 1009 1696 1048 antecedenti·

343 1063 418 1103 bus
442 1077 481 1114 p.
506 1066 588 1103 117
616 1066 657 1103 et
684 1065 767 1104 118
795 1066 991 1115 concinat,
1017 1066 1137 1104 codex

404 1135 472 1174 32.
511 1134 796 1175 Oxoniensis
839 1136 1135 1177 Bodleianus
1179 1137 1520 1178 Miscellaneus
1567 1141 1649 1178 104
1661 1135 1696 1194 ¹)

343 1206 395 1233 sc.
415 1191 606 1247 xvsxvl
623 1208 661 1245 p.
684 1196 905 1235 144-153
931 1196 1146 1246 inscriptus
1165 1196 1339 1248 πρόκλου
1358 1202 1429 1237 τοῦ
1447 1200 1696 1238 πλατωνικοῦ

343 1251 434 1306 περὶ
452 1251 745 1305 ἐπιστολιμαίου
765 1260 1018 1308 χαρακτῆρος.
1045 1255 1169 1302 Quem
1182 1256 1430 1296 Weichertus
1447 1257 1567 1296 Rabii
1584 1258 1695 1297 sche-

342 1312 404 1351 dis
436 1324 530 1352 usus
561 1313 708 1352 litteris
737 1313 795 1353 Ox
821 1314 1032 1366 insignivit
1061 1328 1098 1365 p.
1119 1314 1170 1363 L,
1201 1315 1269 1354 sed
1298 1315 1384 1354 iure
1416 1315 1466 1355 ab
1498 1320 1693 1368 apparatu

341 1373 523 1412 removit.
561 1373 732 1423 Inspexi.

404 1430 503 1470 Cum
521 1432 560 1470 P
581 1431 739 1482 quidem
765 1434 963 1472 artissime
989 1436 1195 1485 cognatus,
1219 1433 1288 1472 sed
1313 1447 1334 1473 e
1359 1434 1492 1473 codice
1515 1435 1694 1474 familiae

341 1490 450 1530 PaB
473 1493 671 1530 correctus
697 1493 758 1531 est
781 1492 903 1531 codex

269 1568 340 1600 442
404 1562 470 1601 33.
507 1561 891 1602 Vindobonensis
927 1563 1098 1613 philos.
1134 1564 1175 1601 et
1207 1564 1374 1614 philol.
1403 1558 1531 1616 149²)
1569 1565 1693 1603 chart.

342 1620 493 1659 formae
525 1623 654 1671 quart.
680 1634 732 1661 sc.
758 1622 832 1660 XV
862 1622 1026 1661 miscell.
1052 1622 1102 1661 ab
1133 1623 1309 1674 Augerio
1340 1623 1561 1662 Busbeckio
1594 1622 1692 1663 Gon-

342 1679 605 1731 stantinopoli
625 1683 877 1731 comparatus
895 1682 962 1721 fol.
981 1683 1063 1721 169
1085 1682 1253 1721 collatus
1272 1695 1298 1722 a
1314 1682 1496 1722 Vahleno
1514 1684 1557 1721 in
1575 1695 1693 1721 usum

342 1738 518 1788 Hindrii,
549 1740 620 1790 qui
649 1753 739 1779 eum
763 1740 901 1779 littera
932 1741 969 1779 V
989 1742 1225 1793 insignitum
1250 1755 1288 1792 p.
1310 1743 1394 1781 545
1422 1755 1442 1780 e
1466 1743 1580 1792 parte
1604 1744 1692 1781 tan-

341 1800 431 1836 tum
463 1798 658 1837 adhibuit.
698 1799 820 1839 Cuius
846 1800 970 1850 copiis
995 1802 1059 1839 usi
1084 1812 1220 1839 sumus
1245 1801 1505 1850 Weichertus,
1535 1802 1606 1851 qui
1629 1813 1692 1840 co-

342 1857 469 1897 dicem
487 1858 635 1897 litteris
662 1859 740 1898 Vin
757 1859 968 1910 insignivit
985 1873 1023 1909 p.
1043 1859 1087 1908 L,
1113 1872 1276 1911 egoque,
1301 1860 1372 1911 qui
1391 1872 1479 1899 eum
1499 1860 1549 1899 ab
1569 1872 1692 1910 appa-

342 1918 434 1956 ratu
460 1917 618 1956 exclusi.

403 1974 552 2015 Contra
577 1989 624 2015 ex
649 1977 786 2016 eodem
812 1990 890 2027 quo
914 1978 952 2016 P
972 1977 1088 2016 fluxit
1111 1977 1244 2017 codice

268 2047 339 2079 443
404 2042 471 2080 34.
497 2041 752 2081 Palatinus
777 2042 1204 2094 Heidelbergensis
1230 2044 1284 2082 43
1312 2038 1376 2096 (=
1396 2038 1455 2096 H)
1482 2042 1611 2082 bomb.
1637 2054 1690 2081 sc.

341 2100 437 2139 XIV
460 2100 530 2140 fol.
552 2101 640 2152 34',
666 2102 768 2151 351',
796 2103 888 2140 37rv
912 2102 1124 2152 inscriptus
1149 2101 1323 2154 πρόκλου
1347 2107 1418 2142 τοῦ
1442 2104 1691 2141 mammo&

341 2157 431 2212 περὶ
461 2158 753 2211 ἕπιστολιμαίου
783 2166 1024 2213 χαρακτῆρος
1056 2174 1080 2199 a
1104 2161 1282 2211 Kaysero
1312 2162 1353 2200 in
1379 2174 1493 2200 usum
1518 2161 1691 2200 Wester·

341 2218 479 2257 manni
498 2219 680 2268 collatus,
699 2220 768 2269 qui
787 2232 878 2258 eum
897 2220 1034 2259 littera
1050 2221 1098 2259 H
1107 2221 1329 2271 insignivit.
1359 2219 1481 2259 Cuius
1494 2223 1691 2271 apparatu

341 2278 591 2316 Weichertus
609 2292 647 2328 p.
667 2277 701 2316 L
720 2291 872 2330 egoque
890 2280 956 2318 usi
973 2291 1119 2318 sumus.
1151 2280 1345 2319 Hinckius
1363 2279 1548 2327 codicem,
1573 2291 1690 2328 quem

405 2374 439 2418 1)
465 2372 519 2408 cf.
539 2375 566 2409 t.
587 2373 761 2409 V111362
787 2386 823 2410 n.
845 2378 923 2410 289.

403 2422 438 2465 2)
463 2419 606 2464 Nessel,
634 2420 748 2458 catal.
769 2422 875 2458 codd.
895 2421 993 2458 Bibl.
1014 2421 1157 2458 Caesar.
1176 2433 1263 2468 pars
1280 2421 1332 2459 IV
1348 2433 1387 2468 p.
1406 2424 1463 2458 88.
