1872 2924
365 230 387 270 7
394 229 421 270 2
659 225 1028 263 PROLEGOMENA
1053 225 1120 261 AD
1145 225 1405 262 EPISTULAS

363 317 494 357 verbis
521 312 574 356 δι’
598 316 701 356 ὅσων
726 310 865 367 ἦλθεν,
890 327 992 365 quae
1017 314 1097 354 fuit
1120 311 1195 353 dcoe'
1213 314 1307 353 libri
1325 314 1457 365 primi,
1473 317 1528 354 -ut
1545 315 1636 365 plus
1655 316 1713 355 vi-

360 377 462 429 giuti
488 376 587 415 folia
611 377 760 426 perisse
779 374 973 414 censenda
994 375 1084 412 sint.
1123 373 1352 424 Sequuntur
1376 376 1480 413 enim
1507 387 1567 425 ep.
1586 370 1654 427 ἰβ’
1673 377 1715 414 et

360 431 427 489 κγ’
450 431 516 489 (=·
537 449 596 486 ep.
619 436 686 474 95.
709 429 796 488 96).
832 434 882 472 In
906 433 983 472 fine
1002 429 1088 486 (fol.
1106 429 1169 486 1')
1196 433 1360 472 ultimae
1378 433 1528 485 legitur
1547 434 1714 473 subscri-

359 544 464 593 ptio:
486 540 610 589 τέλοςε
620 558 667 574 ω
681 543 720 579 et
733 541 934 580 rubricata
947 495 1015 592 βιῖἳ
1028 537 1082 578 α’.
1102 538 1298 578 ἐπιστολαὶ
1310 536 1392 590 κγ’.
1419 540 1540 578 Manu
1553 539 1713 580 demum

359 602 579 653 posteriore
603 601 647 639 in
670 601 850 652 margine
874 599 1120 639 rubricatum
1146 601 1207 637 est
1230 597 1427 638 ἐπιστολαὶ
1446 599 1628 650 λιβανίου
1647 610 1713 638 σο-

359 667 513 712 φιστοῦ.
554 659 742 699 Succedit
775 660 912 698 statim
945 659 1047 697 liber
1078 658 1272 697 secundus
1296 658 1528 708 inscriptus:
1558 658 1715 710 βιβλίον

358 717 414 772 β’,
439 717 482 759 ἆ’
503 715 568 773 (=
590 733 649 770 ep.
666 716 741 771 97)
766 718 836 769 qui
853 721 1068 768 postquam
1086 729 1214 767 usque
1234 717 1284 756 ad
1304 730 1363 767 ep.
1383 716 1433 769 ρξ
1452 714 1518 770 (--·-
1531 730 1591 768 ep.
1607 713 1715 771 202)

358 780 428 819 fol.
443 781 497 818 27
502 781 519 798 ’⁷
544 779 746 829 processit,
767 777 1096 827 subscriptionem
1114 776 1288 815 exhibet:
1313 774 1430 824 τέλος.
1455 777 1608 815 Iterum
1633 778 1713 816 sta-

360 839 436 878 tim
456 838 631 878 succedit
649 838 750 877 liber
767 838 911 876 tertius
930 838 1146 886 inscriptus
1164 835 1320 887 βιβλίον
1338 834 1373 888 ᾗ,
1392 835 1417 874 ἆ
1436 831 1501 888 (=
1521 849 1580 886 ep.
1596 831 1716 890 203),

360 896 432 948 qui
455 909 582 948 usque
602 897 653 936 ad
672 910 731 947 ep.
751 893 819 950 ρη’
839 892 904 949 (=
925 909 985 945 ep.
1008 894 1112 948 310)
1132 895 1198 934 fol.
1222 896 1298 934 59*
1316 895 1497 945 procedit
1514 895 1714 945 subscrip·

358 958 468 997 tione
492 957 614 996 nulla.
652 956 764 996 Idem
788 956 899 995 valet
923 955 971 994 de
996 955 1097 993 libro
1125 956 1266 1004 quarto
1285 954 1477 1004 inscripto
1496 954 1652 1006 βιβλίον
1671 950 1714 993 δ’

359 1017 429 1067 qui
463 1016 512 1056 ab
539 1013 583 1055 α’
614 1011 676 1069 (ιΞ
698 1029 758 1066 ep.
781 1010 886 1068 311)
924 1026 1048 1064 usque
1086 1013 1137 1052 ad
1167 1010 1214 1052 π’
1240 1014 1304 1066 (==
1331 1027 1390 1063 ep.
1412 1008 1518 1066 389)
1548 1013 1616 1052 fol.
1638 1014 1714 1058 88*

361 1075 627 1127 progreditur.
664 1075 785 1114 Liber
816 1075 979 1124 quintus
1009 1074 1226 1124 inscriptus
1256 1073 1411 1125 βιβλίον
1441 1076 1459 1112 ἒ
1485 1072 1715 1112 detrimenti

359 1135 507 1175 indicio
532 1135 644 1173 nullo
669 1147 694 1172 a
714 1129 750 1182 ζ’
772 1129 840 1186 (=
862 1146 921 1184 ep.
942 1128 1047 1186 390)
1072 1133 1214 1182 incipit
1239 1134 1278 1170 et
1295 1145 1422 1182 usque
1441 1131 1492 1170 ad
1510 1135 1556 1185 ρῖ
1570 1127 1634 1183 (-
1653 1144 1716 1182 ep.

359 1191 466 1247 493)
485 1194 555 1233 fol.
577 1194 679 1233 116¹
697 1192 877 1243 procedit
896 1214 941 1220 —
962 1194 1055 1231 sunt
1072 1205 1132 1242 ep.
1152 1193 1385 1231 390—493.
1407 1192 1504 1231 492.
1525 1192 1626 1240 487,
1644 1190 1713 1230 sed

361 1254 498 1293 ordine
523 1255 682 1293 inverso
702 1274 749 1280 -—
769 1255 808 1291 et
827 1251 1155 1302 subscriptionem
1181 1251 1301 1289 habet
1325 1253 1343 1290 ἔ
1369 1250 1524 1301 βιβλίον
1542 1246 1708 1290 {naevos

360 1329 410 1365 ρι.
443 1313 628 1352 Succedit
646 1310 748 1351 liber
766 1313 900 1352 sextus
918 1311 1132 1361 inscriptus
1152 1309 1308 1361 βιβλίον
1321 1306 1355 1355 ς’
1370 1311 1440 1360 qui
1454 1309 1504 1348 ab
1517 1306 1560 1348 α’
1573 1305 1638 1363 (=
1653 1322 1713 1360 ep.

363 1369 468 1423 494)
489 1385 615 1422 usque
634 1372 685 1410 ad
704 1368 785 1424 ‘ny'
805 1366 870 1425 (=
891 1383 951 1420 ep.
967 1370 1073 1419 607)
1092 1370 1279 1409 f01.144'
1298 1369 1552 1421 progreditur
1564 1390 1607 1395 —
1621 1370 1715 1408 sunt

360 1445 420 1482 ep.
448 1432 670 1470 494-499
697 1452 742 1458 —
769 1432 810 1469 et
840 1430 1169 1479 subscriptionem
1200 1428 1321 1467 habet
1349 1429 1455 1475 τέλος
1479 1427 1637 1479 βιβλίου
1662 1424 1715 1473 ς’.

362 1491 586 1530 Succedunt
604 1492 824 1540 praemissa
844 1485 1103 1538 inscriptione
1125 1487 1302 1538 λιβάνιος
1327 1487 1520 1542 φιλαγρίῳ
1539 1487 1715 1526 numeris

359 1551 476 1601 priva
507 1550 693 1600 epistolia
723 1551 875 1599 septem
903 1548 1137 1587 608—614
1169 1549 1210 1586 et
1239 1547 1330 1585 inde
1357 1559 1381 1585 a
1404 1546 1471 1585 fol.
1501 1547 1584 1585 145
1610 1558 1716 1585 nova

359 1610 618 1660 inscriptione
643 1608 824 1660 λιβανίου
850 1613 1041 1658 σοφιστοῦ
1066 1604 1263 1646 ἐπιστολαὶ
1288 1607 1329 1644 et
1352 1607 1528 1645 numeris
1550 1601 1716 1658 ιιι-τογ’

359 1669 576 1720 insignitae
602 1668 799 1719 epistulae
826 1668 910 1706 393
938 1662 1003 1719 (==
1023 1679 1081 1716 ep.
1105 1660 1390 1718 615-1006)‚
1412 1677 1579 1715 quarum
1597 1664 1714 1703 initio

360 1730 403 1767 in
427 1728 607 1780 margine
632 1740 754 1766 manu
777 1727 999 1776 posteriore
1024 1725 1215 1775 scriptum
1235 1727 1295 1763 est
1313 1724 1468 1776 βιβλίον
1487 1723 1516 1770 ζ.
1555 1723 1714 1762 Folium

360 1788 547 1826 ultimum
574 1788 658 1826 249
685 1787 806 1837 paulo
831 1788 924 1836 post
946 1786 1108 1824 initium
1133 1797 1192 1834 ep.
1210 1780 1301 1836 τογ’
1329 1779 1393 1837 (=-=
1415 1778 1550 1835 1006)
1569 1782 1716 1822 desinit

360 1847 492 1886 verbis
511 1845 709 1897 εὐδοκίμει
728 1843 769 1885 δὲ
790 1845 893 1895 ὅμως
913 1844 988 1897 (XI
1010 1845 1106 1893 135,
1129 1842 1186 1896 9).
1210 1843 1419 1882 Perierunt
1436 1842 1534 1881 folia
1553 1842 1636 1881 fere
1657 1842 1713 1880 30

362 1906 507 1956 quibus
544 1907 646 1945 teste
678 1904 810 1944 codice
840 1904 1037 1943 Vossiano
1068 1917 1127 1954 ep.
1153 1902 1224 1956 tqd
1244 1898 1406 1953 —vqn'
1436 1897 1517 1954 (ep.
1540 1902 1713 1941 1007—-

363 1960 498 2019 1112)
523 1964 827 2004 continebantur

422 2036 498 2075 Sex
528 2036 651 2074 libros
683 2034 1045 2085 contemplantibus
1078 2033 1173 2072 ordo
1199 2032 1358 2082 quidem
1381 2033 1425 2070 in
1449 2030 1630 2081 epistulis
1655 2030 1713 2068 di-

362 2095 544 2148 gerendis
569 2095 791 2145 dispicitur,
817 2094 885 2133 sed
909 2106 989 2132 non
1012 2093 1169 2143 integer
1186 2093 1306 2141 atque
1327 2092 1596 2130 intemeratus.
1628 2089 1714 2128 Pri-

362 2168 472 2193 mum
497 2155 614 2202 enim,
640 2155 675 2192 si
700 2154 846 2192 aetatis
870 2152 975 2191 ratio
998 2151 1181 2200 habetur,
1205 2151 1499 2189 vetustissimae
1518 2150 1611 2187 sunt
1629 2148 1714 2198 epi-

363 2214 494 2253 stulae
518 2213 613 2251 libri
639 2213 689 2264 V,
714 2212 863 2263 quippe
889 2212 959 2262 qui
984 2211 1176 2261 epistulas
1200 2209 1293 2248 inde
1318 2222 1342 2248 a
1365 2221 1457 2248 vere
1482 2221 1516 2247 a.
1538 2208 1623 2247 355
1648 2220 1713 2246 us-

364 2286 440 2323 que
464 2273 517 2312 ad
541 2284 612 2311 ver
636 2272 732 2311 anni
755 2272 958 2321 sequentis
976 2271 1145 2320 scriptas
1163 2269 1381 2318 contineat3
1407 2268 1630 2318 sequuntur
1647 2266 1712 2304 de-

362 2334 497 2382 inceps
527 2331 629 2370 liber
652 2331 728 2382 VI,
766 2343 845 2381 quo
877 2330 1071 2380 epistulae
1093 2328 1186 2367 inde
1218 2328 1266 2367 ab
1292 2329 1444 2366 aestate
1475 2339 1510 2365 a.
1532 2326 1615 2365 356
1647 2338 1713 2365 us-

364 2404 441 2441 que
480 2390 530 2429 ad
567 2391 759 2429 aestatem
796 2402 830 2428 a.
859 2390 942 2429 357
982 2388 1253 2436 continentur,
1294 2387 1395 2425 liber
1424 2385 1482 2424 IV
1519 2383 1712 2435 epistulas

363 2451 456 2489 inde
476 2450 526 2488 ab
546 2451 697 2489 aestate
717 2462 752 2488 a.
767 2450 851 2488 357
871 2461 996 2498 usque
1014 2447 1067 2486 ad
1083 2447 1252 2486 hiemem
1273 2459 1305 2485 a.
1322 2442 1454 2497 358s9
1475 2444 1590 2483 datas
1609 2455 1714 2482 com-
