<?xml version="1.0" encoding="UTF-8"?>
<!DOCTYPE html PUBLIC "-//W3C//DTD XHTML 1.0 Transitional//EN"
    "http://www.w3.org/TR/xhtml1/DTD/xhtml1-transitional.dtd">
<html xmlns="http://www.w3.org/1999/xhtml" xml:lang="en" lang="en">
 <head>
  <title>
</title>
<meta http-equiv="Content-Type" content="text/html;charset=utf-8" />
  <meta name='ocr-system' content='tesseract 3.04.00' />
  <meta name='ocr-capabilities' content='ocr_page ocr_carea ocr_par ocr_line ocrx_word'/>
</head>
<body>
  <div class='ocr_page' id='page_1' title='image "./operarecensuitri09libauoft_0011.png"; bbox 0 0 1872 2924; ppageno 0'>
   <div class='ocr_carea' id='block_1_1' title="bbox 667 594 1054 642">
    <p class='ocr_par' dir='ltr' id='par_1_1' title="bbox 667 594 1054 642">
     <span class='ocr_line' id='line_1_1' title="bbox 667 594 1054 642; baseline 0 -2"><span class='ocrx_word' id='word_1_1' title='bbox 667 594 1054 642; x_wconf 80' lang='lat' dir='ltr'><strong>CONSPECTUS.</strong></span> 
     </span>
    </p>
   </div>
   <div class='ocr_carea' id='block_1_2' title="bbox 181 695 1549 1294">
    <p class='ocr_par' dir='ltr' id='par_1_2' title="bbox 181 695 1549 1294">
     <span class='ocr_line' id='line_1_2' title="bbox 573 695 1548 743; baseline -0.001 -10"><span class='ocrx_word' id='word_1_2' title='bbox 573 697 610 734; x_wconf 93' lang='lat'><strong>1.</strong></span> <span class='ocrx_word' id='word_1_3' title='bbox 635 695 905 734; x_wconf 65' lang='lat' dir='ltr'><strong>characteres</strong></span> <span class='ocrx_word' id='word_1_4' title='bbox 929 696 1136 743; x_wconf 78' lang='lat' dir='ltr'><strong>epistolici</strong></span> <span class='ocrx_word' id='word_1_5' title='bbox 1192 725 1392 733; x_wconf 91' lang='grc'><strong>.....</strong></span> <span class='ocrx_word' id='word_1_6' title='bbox 1433 701 1548 733; x_wconf 73' lang='grc' dir='ltr'><strong>ι-ιῖ</strong></span> 
     </span>
     <span class='ocr_line' id='line_1_3' title="bbox 181 767 1455 815; baseline -0.002 -8"><span class='ocrx_word' id='word_1_7' title='bbox 181 770 297 807; x_wconf 82' lang='lat' dir='ltr'><strong>Index</strong></span> <span class='ocrx_word' id='word_1_8' title='bbox 328 770 522 806; x_wconf 86' lang='lat' dir='ltr'><strong>nominum</strong></span> <span class='ocrx_word' id='word_1_9' title='bbox 552 768 809 815; x_wconf 83' lang='lat' dir='ltr'><strong>propriorum,</strong></span> <span class='ocrx_word' id='word_1_10' title='bbox 841 778 939 814; x_wconf 89' lang='lat' dir='ltr'><strong>quae</strong></span> <span class='ocrx_word' id='word_1_11' title='bbox 977 768 1017 803; x_wconf 92' lang='lat' dir='ltr'><strong>in</strong></span> <span class='ocrx_word' id='word_1_12' title='bbox 1055 767 1337 805; x_wconf 67' lang='lat' dir='ltr'><strong>characteribus</strong></span> <span class='ocrx_word' id='word_1_13' title='bbox 1375 769 1455 815; x_wconf 91' lang='lat' dir='ltr'><strong>epi-</strong></span> 
     </span>
     <span class='ocr_line' id='line_1_4' title="bbox 229 817 1548 855; baseline -0.003 0"><span class='ocrx_word' id='word_1_14' title='bbox 229 817 373 855; x_wconf 70' lang='lat' dir='ltr'><strong>stolicis</strong></span> <span class='ocrx_word' id='word_1_15' title='bbox 397 817 639 853; x_wconf 80' lang='lat' dir='ltr'><strong>inveniuntur</strong></span> <span class='ocrx_word' id='word_1_16' title='bbox 665 844 1445 854; x_wconf 90' lang='grc'><strong>.................</strong></span> <span class='ocrx_word' id='word_1_17' title='bbox 1503 822 1548 851; x_wconf 77' lang='grc'><strong>48</strong></span> 
     </span>
     <span class='ocr_line' id='line_1_5' title="bbox 510 911 1549 959; baseline -0.003 -9"><span class='ocrx_word' id='word_1_18' title='bbox 510 913 568 950; x_wconf 91' lang='lat'><strong>11.</strong></span> <span class='ocrx_word' id='word_1_19' title='bbox 594 912 893 957; x_wconf 73' lang='lat' dir='ltr'><strong>Prolegomena</strong></span> <span class='ocrx_word' id='word_1_20' title='bbox 917 912 970 949; x_wconf 80' lang='lat' dir='ltr'><strong>ad</strong></span> <span class='ocrx_word' id='word_1_21' title='bbox 995 911 1198 959; x_wconf 80' lang='lat' dir='ltr'><strong>epistulas</strong></span> <span class='ocrx_word' id='word_1_22' title='bbox 1238 941 1246 948; x_wconf 90' lang='lat'><strong>.</strong></span> <span class='ocrx_word' id='word_1_23' title='bbox 1287 941 1295 948; x_wconf 99' lang='lat'><strong>.</strong></span> <span class='ocrx_word' id='word_1_24' title='bbox 1335 941 1342 948; x_wconf 93' lang='lat'><strong>.</strong></span> <span class='ocrx_word' id='word_1_25' title='bbox 1382 916 1549 949; x_wconf 67' lang='lat'>49—244</span> 
     </span>
     <span class='ocr_line' id='line_1_6' title="bbox 290 982 1443 1032; baseline -0.003 -10"><span class='ocrx_word' id='word_1_26' title='bbox 290 985 437 1032; x_wconf 83' lang='lat' dir='ltr'><strong>Caput</strong></span> <span class='ocrx_word' id='word_1_27' title='bbox 461 984 489 1021; x_wconf 92' lang='lat'><strong>1.</strong></span> <span class='ocrx_word' id='word_1_28' title='bbox 530 984 588 1020; x_wconf 91' lang='lat' dir='ltr'><strong>De</strong></span> <span class='ocrx_word' id='word_1_29' title='bbox 614 982 838 1030; x_wconf 72' lang='lat' dir='ltr'><strong>epistulis</strong></span> <span class='ocrx_word' id='word_1_30' title='bbox 863 983 1071 1030; x_wconf 84' lang='lat' dir='ltr'><strong>corporis</strong></span> <span class='ocrx_word' id='word_1_31' title='bbox 1097 985 1143 1020; x_wconf 87' lang='lat' dir='ltr'><strong>et</strong></span> <span class='ocrx_word' id='word_1_32' title='bbox 1168 984 1443 1031; x_wconf 76' lang='lat' dir='ltr'><strong>eclogarum.</strong></span> 
     </span>
     <span class='ocr_line' id='line_1_7' title="bbox 230 1043 1547 1091; baseline -0.002 -11"><span class='ocrx_word' id='word_1_33' title='bbox 230 1045 256 1082; x_wconf 91' lang='lat' dir='ltr'><strong>l.</strong></span> <span class='ocrx_word' id='word_1_34' title='bbox 283 1045 338 1081; x_wconf 92' lang='lat' dir='ltr'><strong>De</strong></span> <span class='ocrx_word' id='word_1_35' title='bbox 363 1054 517 1091; x_wconf 86' lang='lat' dir='ltr'><strong>corpore</strong></span> <span class='ocrx_word' id='word_1_36' title='bbox 542 1043 790 1090; x_wconf 73' lang='lat' dir='ltr'><strong>epistularum</strong></span> <span class='ocrx_word' id='word_1_37' title='bbox 810 1071 1444 1081; x_wconf 90' lang='grc'><em>..............</em></span> <span class='ocrx_word' id='word_1_38' title='bbox 1502 1047 1547 1079; x_wconf 83' lang='lat'><strong>49</strong></span> 
     </span>
     <span class='ocr_line' id='line_1_8' title="bbox 284 1097 1547 1182; baseline -0.002 -47"><span class='ocrx_word' id='word_1_39' title='bbox 284 1103 304 1142; x_wconf 67' lang='grc' dir='ltr'><strong>ξ</strong></span> <span class='ocrx_word' id='word_1_40' title='bbox 326 1103 356 1135; x_wconf 89' lang='lat'><strong>1.</strong></span> <span class='ocrx_word' id='word_1_41' title='bbox 383 1097 864 1182; x_wconf 51' lang='lat' dir='ltr'><strong>Dellgdivnersariis&#39;Libanii</strong></span> <span class='ocrx_word' id='word_1_42' title='bbox 889 1099 928 1133; x_wconf 88' lang='lat' dir='ltr'><strong>et</strong></span> <span class='ocrx_word' id='word_1_43' title='bbox 946 1097 1078 1144; x_wconf 89' lang='lat' dir='ltr'><strong>primis</strong></span> <span class='ocrx_word' id='word_1_44' title='bbox 1100 1097 1180 1134; x_wconf 89' lang='lat' dir='ltr'><strong>eius</strong></span> <span class='ocrx_word' id='word_1_45' title='bbox 1201 1098 1451 1144; x_wconf 74' lang='lat' dir='ltr'><strong>epistularum</strong></span> <span class='ocrx_word' id='word_1_46' title='bbox 1503 1149 1547 1180; x_wconf 62' lang='lat'><strong>49</strong></span> 
     </span>
     <span class='ocr_line' id='line_1_9' title="bbox 283 1158 1543 1282; baseline -0.001 -46"><span class='ocrx_word' id='word_1_47' title='bbox 283 1204 303 1244; x_wconf 69' lang='grc'>5</span> <span class='ocrx_word' id='word_1_48' title='bbox 321 1203 355 1236; x_wconf 72' lang='lat'><strong>8.</strong></span> <span class='ocrx_word' id='word_1_49' title='bbox 382 1158 438 1256; x_wconf 51' lang='lat' dir='ltr'><strong>He</strong></span> <span class='ocrx_word' id='word_1_50' title='bbox 453 1158 866 1282; x_wconf 33' lang='lat' dir='ltr'><strong>{ffllogib&#39;V&#39;aticani&#39;</strong></span> <span class='ocrx_word' id='word_1_51' title='bbox 884 1211 938 1246; x_wconf 92' lang='lat' dir='ltr'><strong>gr.</strong></span> <span class='ocrx_word' id='word_1_52' title='bbox 954 1174 1008 1235; x_wconf 38' lang='lat'><strong>’83</strong></span> <span class='ocrx_word' id='word_1_53' title='bbox 1032 1175 1105 1245; x_wconf 39' lang='lat'>(¹17).</span> <span class='ocrx_word' id='word_1_54' title='bbox 1132 1174 1299 1245; x_wconf 48' lang='lat' dir='ltr'><strong>e&#39;iuique&#39;</strong></span> <span class='ocrx_word' id='word_1_55' title='bbox 1313 1173 1450 1246; x_wconf 40' lang='grc' dir='ltr'><strong>Ρὲοῇιζ</strong></span> <span class='ocrx_word' id='word_1_56' title='bbox 1499 1251 1513 1269; x_wconf 77' lang='lat' dir='ltr'><strong>r</strong></span> <span class='ocrx_word' id='word_1_57' title='bbox 1533 1253 1543 1270; x_wconf 49' lang='lat'>‚</span> 
     </span>
     <span class='ocr_line' id='line_1_10' title="bbox 382 1258 1542 1294; baseline -0.001 -12"><span class='ocrx_word' id='word_1_58' title='bbox 382 1259 463 1294; x_wconf 84' lang='lat' dir='ltr'><strong>gun</strong></span> <span class='ocrx_word' id='word_1_59' title='bbox 493 1258 536 1282; x_wconf 87' lang='lat' dir='ltr'><strong>us</strong></span> <span class='ocrx_word' id='word_1_60' title='bbox 565 1274 1438 1285; x_wconf 88' lang='grc'><strong>...................</strong></span> <span class='ocrx_word' id='word_1_61' title='bbox 1497 1259 1542 1281; x_wconf 69' lang='lat'><strong>0·-</strong></span> 
     </span>
    </p>
   </div>
   <div class='ocr_carea' id='block_1_3' title="bbox 466 1294 864 1340">
    <p class='ocr_par' dir='ltr' id='par_1_3' title="bbox 466 1294 864 1340">
     <span class='ocr_line' id='line_1_11' title="bbox 466 1294 864 1340; baseline -0.003 -9"><span class='ocrx_word' id='word_1_62' title='bbox 466 1297 526 1340; x_wconf 85' lang='lat'><strong>(-=</strong></span> <span class='ocrx_word' id='word_1_63' title='bbox 546 1294 656 1331; x_wconf 84' lang='lat' dir='ltr'><strong>codd.</strong></span> <span class='ocrx_word' id='word_1_64' title='bbox 675 1307 711 1330; x_wconf 88' lang='lat' dir='ltr'><strong>n.</strong></span> <span class='ocrx_word' id='word_1_65' title='bbox 734 1297 864 1340; x_wconf 78' lang='lat'>1—16)</span> 
     </span>
    </p>
   </div>
   <div class='ocr_carea' id='block_1_4' title="bbox 283 1347 1448 1443">
    <p class='ocr_par' dir='ltr' id='par_1_4' title="bbox 283 1347 1448 1443">
     <span class='ocr_line' id='line_1_12' title="bbox 283 1347 1448 1396; baseline -0.003 -10"><span class='ocrx_word' id='word_1_66' title='bbox 283 1353 303 1394; x_wconf 63' lang='grc' dir='ltr'>ὃ</span> <span class='ocrx_word' id='word_1_67' title='bbox 323 1353 356 1386; x_wconf 76' lang='grc'><strong>8.</strong></span> <span class='ocrx_word' id='word_1_68' title='bbox 381 1349 437 1385; x_wconf 91' lang='lat' dir='ltr'><strong>De</strong></span> <span class='ocrx_word' id='word_1_69' title='bbox 456 1348 605 1396; x_wconf 72' lang='lat' dir='ltr'><strong>sylloge.</strong></span> <span class='ocrx_word' id='word_1_70' title='bbox 623 1347 743 1384; x_wconf 73' lang='lat' dir='ltr'><strong>altera</strong></span> <span class='ocrx_word' id='word_1_71' title='bbox 761 1350 808 1394; x_wconf 86' lang='lat' dir='ltr'><strong>(c)</strong></span> <span class='ocrx_word' id='word_1_72' title='bbox 828 1348 1098 1394; x_wconf 83' lang='lat' dir='ltr'><strong>comprehensa</strong></span> <span class='ocrx_word' id='word_1_73' title='bbox 1117 1348 1311 1385; x_wconf 80' lang='lat' dir='ltr'><strong>codicibus</strong></span> <span class='ocrx_word' id='word_1_74' title='bbox 1326 1348 1448 1384; x_wconf 87' lang='lat' dir='ltr'><strong>Vatic.</strong></span> 
     </span>
     <span class='ocr_line' id='line_1_13' title="bbox 382 1395 1448 1443; baseline -0.001 -11"><span class='ocrx_word' id='word_1_75' title='bbox 382 1400 440 1443; x_wconf 76' lang='lat'><strong>8⁶,</strong></span> <span class='ocrx_word' id='word_1_76' title='bbox 460 1397 565 1432; x_wconf 83' lang='lat' dir='ltr'><strong>Voss.</strong></span> <span class='ocrx_word' id='word_1_77' title='bbox 581 1399 638 1440; x_wconf 74' lang='lat'><strong>⁷7,</strong></span> <span class='ocrx_word' id='word_1_78' title='bbox 657 1395 802 1442; x_wconf 84' lang='lat' dir='ltr'><strong>Mosqu.</strong></span> <span class='ocrx_word' id='word_1_79' title='bbox 817 1400 899 1441; x_wconf 79' lang='lat'><strong>459,</strong></span> <span class='ocrx_word' id='word_1_80' title='bbox 920 1395 1034 1432; x_wconf 82' lang='lat' dir='ltr'><strong>Marc.</strong></span> <span class='ocrx_word' id='word_1_81' title='bbox 1049 1399 1118 1433; x_wconf 77' lang='lat'><strong>441</strong></span> <span class='ocrx_word' id='word_1_82' title='bbox 1141 1407 1344 1442; x_wconf 89' lang='lat' dir='ltr'><strong>eorumque</strong></span> <span class='ocrx_word' id='word_1_83' title='bbox 1364 1407 1448 1442; x_wconf 87' lang='lat' dir='ltr'><strong>pro-</strong></span> 
     </span>
    </p>
   </div>
   <div class='ocr_carea' id='block_1_5' title="bbox 209 1443 1546 1605">
    <p class='ocr_par' dir='ltr' id='par_1_5' title="bbox 209 1443 1546 1605">
     <span class='ocr_line' id='line_1_14' title="bbox 380 1443 1546 1491; baseline -0.003 -11"><span class='ocrx_word' id='word_1_84' title='bbox 380 1443 584 1491; x_wconf 79' lang='lat' dir='ltr'><strong>paginibus</strong></span> <span class='ocrx_word' id='word_1_85' title='bbox 618 1472 1442 1481; x_wconf 87' lang='grc'><strong>..................</strong></span> <span class='ocrx_word' id='word_1_86' title='bbox 1503 1447 1546 1478; x_wconf 82' lang='grc' dir='ltr'><strong>ῖΟ</strong></span> 
     </span>
     <span class='ocr_line' id='line_1_15' title="bbox 466 1491 887 1539; baseline 0.002 -13"><span class='ocrx_word' id='word_1_87' title='bbox 466 1494 526 1538; x_wconf 86' lang='lat'><strong>(=-</strong></span> <span class='ocrx_word' id='word_1_88' title='bbox 546 1491 653 1527; x_wconf 88' lang='lat' dir='ltr'><strong>codd.</strong></span> <span class='ocrx_word' id='word_1_89' title='bbox 674 1503 710 1526; x_wconf 89' lang='lat' dir='ltr'><strong>n.</strong></span> <span class='ocrx_word' id='word_1_90' title='bbox 732 1494 887 1539; x_wconf 78' lang='lat'>17—54)</span> 
     </span>
     <span class='ocr_line' id='line_1_16' title="bbox 209 1556 1545 1605; baseline -0.002 -10"><span class='ocrx_word' id='word_1_91' title='bbox 209 1558 254 1595; x_wconf 86' lang='grc' dir='ltr'><strong>ΙΙ.</strong></span> <span class='ocrx_word' id='word_1_92' title='bbox 280 1558 336 1595; x_wconf 89' lang='lat' dir='ltr'><strong>De</strong></span> <span class='ocrx_word' id='word_1_93' title='bbox 361 1557 503 1605; x_wconf 88' lang='lat' dir='ltr'><strong>eclogis</strong></span> <span class='ocrx_word' id='word_1_94' title='bbox 530 1556 779 1604; x_wconf 72' lang='lat' dir='ltr'><strong>epistularum</strong></span> <span class='ocrx_word' id='word_1_95' title='bbox 809 1586 1442 1595; x_wconf 88' lang='grc'><strong>..............</strong></span> <span class='ocrx_word' id='word_1_96' title='bbox 1499 1561 1545 1592; x_wconf 85' lang='grc'><strong>96</strong></span> 
     </span>
    </p>
   </div>
   <div class='ocr_carea' id='block_1_6' title="bbox 273 1610 1543 2489">
    <p class='ocr_par' dir='ltr' id='par_1_6' title="bbox 282 1610 1543 1745">
     <span class='ocr_line' id='line_1_17' title="bbox 282 1610 1449 1659; baseline 0 -12"><span class='ocrx_word' id='word_1_97' title='bbox 282 1616 303 1656; x_wconf 69' lang='grc' dir='ltr'><strong>ξ</strong></span> <span class='ocrx_word' id='word_1_98' title='bbox 322 1615 356 1648; x_wconf 78' lang='lat'><strong>4.</strong></span> <span class='ocrx_word' id='word_1_99' title='bbox 381 1611 437 1647; x_wconf 92' lang='lat' dir='ltr'><strong>De</strong></span> <span class='ocrx_word' id='word_1_100' title='bbox 469 1611 603 1658; x_wconf 88' lang='lat' dir='ltr'><strong>ecloga</strong></span> <span class='ocrx_word' id='word_1_101' title='bbox 633 1610 883 1657; x_wconf 74' lang='lat' dir='ltr'><strong>epistularum</strong></span> <span class='ocrx_word' id='word_1_102' title='bbox 916 1613 953 1647; x_wconf 89' lang='grc' dir='ltr'><strong><em>Σ</em></strong></span> <span class='ocrx_word' id='word_1_103' title='bbox 983 1621 1006 1648; x_wconf 89' lang='lat' dir='ltr'><strong>e</strong></span> <span class='ocrx_word' id='word_1_104' title='bbox 1041 1611 1190 1659; x_wconf 73' lang='lat' dir='ltr'><strong>sylloge</strong></span> <span class='ocrx_word' id='word_1_105' title='bbox 1217 1611 1338 1648; x_wconf 83' lang='lat' dir='ltr'><strong>altera</strong></span> <span class='ocrx_word' id='word_1_106' title='bbox 1362 1623 1449 1658; x_wconf 89' lang='lat' dir='ltr'><strong>pro-</strong></span> 
     </span>
     <span class='ocr_line' id='line_1_18' title="bbox 381 1658 1448 1706; baseline 0 -11"><span class='ocrx_word' id='word_1_107' title='bbox 381 1659 482 1696; x_wconf 83' lang='lat' dir='ltr'><strong>fecta</strong></span> <span class='ocrx_word' id='word_1_108' title='bbox 521 1661 560 1695; x_wconf 91' lang='lat' dir='ltr'><strong>et</strong></span> <span class='ocrx_word' id='word_1_109' title='bbox 595 1669 617 1694; x_wconf 89' lang='lat' dir='ltr'><strong>e</strong></span> <span class='ocrx_word' id='word_1_110' title='bbox 654 1658 782 1694; x_wconf 88' lang='lat' dir='ltr'><strong>codice</strong></span> <span class='ocrx_word' id='word_1_111' title='bbox 826 1659 875 1694; x_wconf 93' lang='lat' dir='ltr'><strong>ad</strong></span> <span class='ocrx_word' id='word_1_112' title='bbox 920 1659 1168 1706; x_wconf 81' lang='lat' dir='ltr'><strong>archetypum</strong></span> <span class='ocrx_word' id='word_1_113' title='bbox 1205 1671 1230 1696; x_wconf 84' lang='lat' dir='ltr'><strong>a</strong></span> <span class='ocrx_word' id='word_1_114' title='bbox 1267 1659 1448 1696; x_wconf 84' lang='lat' dir='ltr'><strong>redeunte</strong></span> 
     </span>
     <span class='ocr_line' id='line_1_19' title="bbox 381 1708 1543 1745; baseline -0.001 -3"><span class='ocrx_word' id='word_1_115' title='bbox 381 1708 495 1743; x_wconf 86' lang='lat' dir='ltr'><strong>aucta</strong></span> <span class='ocrx_word' id='word_1_116' title='bbox 519 1708 559 1742; x_wconf 85' lang='lat' dir='ltr'><strong>et</strong></span> <span class='ocrx_word' id='word_1_117' title='bbox 582 1708 750 1742; x_wconf 85' lang='lat' dir='ltr'><strong>correcta</strong></span> <span class='ocrx_word' id='word_1_118' title='bbox 758 1734 1440 1745; x_wconf 91' lang='grc'><strong><em>...............</em></strong></span> <span class='ocrx_word' id='word_1_119' title='bbox 1499 1711 1543 1741; x_wconf 77' lang='grc'><strong>96</strong></span> 
     </span>
    </p>

    <p class='ocr_par' dir='ltr' id='par_1_7' title="bbox 465 1754 888 1800">
     <span class='ocr_line' id='line_1_20' title="bbox 465 1754 888 1800; baseline 0 -11"><span class='ocrx_word' id='word_1_120' title='bbox 465 1757 525 1800; x_wconf 87' lang='lat'><strong>(==</strong></span> <span class='ocrx_word' id='word_1_121' title='bbox 546 1754 654 1790; x_wconf 89' lang='lat' dir='ltr'><strong>codd.</strong></span> <span class='ocrx_word' id='word_1_122' title='bbox 675 1766 711 1789; x_wconf 90' lang='lat' dir='ltr'><strong>n.</strong></span> <span class='ocrx_word' id='word_1_123' title='bbox 731 1756 888 1799; x_wconf 73' lang='lat'><strong>⁶5—94)</strong></span> 
     </span>
    </p>

    <p class='ocr_par' dir='ltr' id='par_1_8' title="bbox 281 1807 1451 1856">
     <span class='ocr_line' id='line_1_21' title="bbox 281 1807 1451 1856; baseline 0 -12"><span class='ocrx_word' id='word_1_124' title='bbox 281 1813 300 1853; x_wconf 65' lang='grc'><strong>9·</strong></span> <span class='ocrx_word' id='word_1_125' title='bbox 320 1813 354 1844; x_wconf 79' lang='lat'><strong>5.</strong></span> <span class='ocrx_word' id='word_1_126' title='bbox 379 1807 435 1844; x_wconf 90' lang='lat' dir='ltr'><strong>De</strong></span> <span class='ocrx_word' id='word_1_127' title='bbox 455 1807 588 1855; x_wconf 83' lang='lat' dir='ltr'><strong>ecloga</strong></span> <span class='ocrx_word' id='word_1_128' title='bbox 607 1807 729 1843; x_wconf 84' lang='lat' dir='ltr'><strong>altera</strong></span> <span class='ocrx_word' id='word_1_129' title='bbox 744 1807 994 1853; x_wconf 85' lang='lat' dir='ltr'><strong>epistularum</strong></span> <span class='ocrx_word' id='word_1_130' title='bbox 1013 1821 1037 1856; x_wconf 80' lang='lat'><em>9</em></span> <span class='ocrx_word' id='word_1_131' title='bbox 1056 1820 1077 1845; x_wconf 89' lang='lat' dir='ltr'><strong>e</strong></span> <span class='ocrx_word' id='word_1_132' title='bbox 1096 1809 1288 1845; x_wconf 87' lang='lat' dir='ltr'><strong>communi</strong></span> <span class='ocrx_word' id='word_1_133' title='bbox 1307 1820 1393 1845; x_wconf 92' lang='lat' dir='ltr'><strong>cum</strong></span> <span class='ocrx_word' id='word_1_134' title='bbox 1413 1810 1451 1844; x_wconf 91' lang='grc' dir='ltr'><em>Σ</em></span> 
     </span>
    </p>

    <p class='ocr_par' dir='ltr' id='par_1_9' title="bbox 378 1855 1542 1950">
     <span class='ocr_line' id='line_1_22' title="bbox 378 1855 1542 1902; baseline -0.002 -10"><span class='ocrx_word' id='word_1_135' title='bbox 378 1855 484 1892; x_wconf 79' lang='lat' dir='ltr'><strong>fonte</strong></span> <span class='ocrx_word' id='word_1_136' title='bbox 509 1855 679 1902; x_wconf 82' lang='lat' dir='ltr'><strong>profecta</strong></span> <span class='ocrx_word' id='word_1_137' title='bbox 711 1883 1440 1894; x_wconf 90' lang='grc'><strong>................</strong></span> <span class='ocrx_word' id='word_1_138' title='bbox 1475 1860 1542 1890; x_wconf 76' lang='lat'><strong>124</strong></span> 
     </span>
     <span class='ocr_line' id='line_1_23' title="bbox 463 1903 909 1950; baseline -0.002 -11"><span class='ocrx_word' id='word_1_139' title='bbox 463 1907 523 1950; x_wconf 71' lang='grc' dir='ltr'><strong>(ετ-</strong></span> <span class='ocrx_word' id='word_1_140' title='bbox 543 1903 650 1939; x_wconf 89' lang='lat' dir='ltr'><strong>codd.</strong></span> <span class='ocrx_word' id='word_1_141' title='bbox 671 1915 706 1938; x_wconf 90' lang='lat' dir='ltr'><strong>n.</strong></span> <span class='ocrx_word' id='word_1_142' title='bbox 727 1906 909 1949; x_wconf 77' lang='lat'><strong>96—103)</strong></span> 
     </span>
    </p>

    <p class='ocr_par' dir='ltr' id='par_1_10' title="bbox 274 1955 1446 2003">
     <span class='ocr_line' id='line_1_24' title="bbox 274 1955 1446 2003; baseline 0 -11"><span class='ocrx_word' id='word_1_143' title='bbox 274 1962 294 2001; x_wconf 68' lang='grc' dir='ltr'><strong>ς</strong></span> <span class='ocrx_word' id='word_1_144' title='bbox 314 1959 347 1992; x_wconf 76' lang='grc'><strong>6.</strong></span> <span class='ocrx_word' id='word_1_145' title='bbox 373 1956 429 1992; x_wconf 91' lang='lat' dir='ltr'><strong>De</strong></span> <span class='ocrx_word' id='word_1_146' title='bbox 462 1955 656 1992; x_wconf 87' lang='lat' dir='ltr'><strong>codicibus</strong></span> <span class='ocrx_word' id='word_1_147' title='bbox 688 1956 840 2003; x_wconf 89' lang='lat' dir='ltr'><strong>eclogae</strong></span> <span class='ocrx_word' id='word_1_148' title='bbox 871 1957 1158 2003; x_wconf 83' lang='lat' dir='ltr'><strong>Lacapenianae</strong></span> <span class='ocrx_word' id='word_1_149' title='bbox 1201 1959 1240 1993; x_wconf 93' lang='lat' dir='ltr'><strong>et</strong></span> <span class='ocrx_word' id='word_1_150' title='bbox 1276 1956 1446 1993; x_wconf 80' lang='lat' dir='ltr'><strong>familiae</strong></span> 
     </span>
    </p>

    <p class='ocr_par' dir='ltr' id='par_1_11' title="bbox 382 2003 1542 2098">
     <span class='ocr_line' id='line_1_25' title="bbox 382 2003 1542 2050; baseline -0.001 -10"><span class='ocrx_word' id='word_1_151' title='bbox 382 2015 467 2040; x_wconf 89' lang='lat' dir='ltr'><strong>cum</strong></span> <span class='ocrx_word' id='word_1_152' title='bbox 493 2003 564 2039; x_wconf 89' lang='lat' dir='ltr'><strong>hac</strong></span> <span class='ocrx_word' id='word_1_153' title='bbox 590 2005 774 2050; x_wconf 81' lang='lat' dir='ltr'><strong>cognatae</strong></span> <span class='ocrx_word' id='word_1_154' title='bbox 806 2033 1438 2042; x_wconf 87' lang='grc'><strong>..............</strong></span> <span class='ocrx_word' id='word_1_155' title='bbox 1474 2009 1542 2040; x_wconf 83' lang='grc'><strong>132</strong></span> 
     </span>
     <span class='ocr_line' id='line_1_26' title="bbox 463 2051 938 2098; baseline 0.011 -15"><span class='ocrx_word' id='word_1_156' title='bbox 463 2062 523 2095; x_wconf 62' lang='grc' dir='ltr'><strong>(ε-</strong></span> <span class='ocrx_word' id='word_1_157' title='bbox 543 2051 651 2087; x_wconf 87' lang='lat' dir='ltr'><strong>codd.</strong></span> <span class='ocrx_word' id='word_1_158' title='bbox 677 2062 714 2086; x_wconf 91' lang='lat' dir='ltr'><strong>n.</strong></span> <span class='ocrx_word' id='word_1_159' title='bbox 736 2054 938 2098; x_wconf 77' lang='lat'>104—178)</span> 
     </span>
    </p>

    <p class='ocr_par' dir='ltr' id='par_1_12' title="bbox 273 2097 1445 2147">
     <span class='ocr_line' id='line_1_27' title="bbox 273 2097 1445 2147; baseline 0.003 -14"><span class='ocrx_word' id='word_1_160' title='bbox 273 2102 294 2141; x_wconf 64' lang='lat'><strong>5</strong></span> <span class='ocrx_word' id='word_1_161' title='bbox 314 2101 345 2133; x_wconf 81' lang='grc'><strong>’1.</strong></span> <span class='ocrx_word' id='word_1_162' title='bbox 372 2097 428 2134; x_wconf 91' lang='lat' dir='ltr'><strong>De</strong></span> <span class='ocrx_word' id='word_1_163' title='bbox 447 2098 638 2135; x_wconf 86' lang='lat' dir='ltr'><strong>codicibus</strong></span> <span class='ocrx_word' id='word_1_164' title='bbox 657 2100 883 2136; x_wconf 83' lang='lat' dir='ltr'><strong>recensionis</strong></span> <span class='ocrx_word' id='word_1_165' title='bbox 903 2111 923 2135; x_wconf 91' lang='lat' dir='ltr'><strong>e</strong></span> <span class='ocrx_word' id='word_1_166' title='bbox 950 2100 1106 2136; x_wconf 86' lang='lat' dir='ltr'><strong>diversis</strong></span> <span class='ocrx_word' id='word_1_167' title='bbox 1125 2099 1297 2147; x_wconf 74' lang='lat' dir='ltr'><strong>syllogae</strong></span> <span class='ocrx_word' id='word_1_168' title='bbox 1317 2101 1338 2136; x_wconf 87' lang='lat' dir='ltr'><strong>b</strong></span> <span class='ocrx_word' id='word_1_169' title='bbox 1357 2111 1445 2147; x_wconf 83' lang='lat' dir='ltr'><strong>pro-</strong></span> 
     </span>
    </p>

    <p class='ocr_par' dir='ltr' id='par_1_13' title="bbox 379 2146 1541 2241">
     <span class='ocr_line' id='line_1_28' title="bbox 379 2146 1541 2191; baseline 0.001 -10"><span class='ocrx_word' id='word_1_170' title='bbox 379 2146 582 2191; x_wconf 84' lang='lat' dir='ltr'><strong>paginibus</strong></span> <span class='ocrx_word' id='word_1_171' title='bbox 607 2146 748 2182; x_wconf 78' lang='lat' dir='ltr'><strong>mixtae</strong></span> <span class='ocrx_word' id='word_1_172' title='bbox 758 2174 1437 2184; x_wconf 87' lang='grc'><strong><em>...............</em></strong></span> <span class='ocrx_word' id='word_1_173' title='bbox 1474 2151 1541 2183; x_wconf 85' lang='grc'><strong>160</strong></span> 
     </span>
     <span class='ocr_line' id='line_1_29' title="bbox 464 2194 933 2241; baseline 0.002 -12"><span class='ocrx_word' id='word_1_174' title='bbox 464 2197 523 2239; x_wconf 89' lang='lat'><strong>(==</strong></span> <span class='ocrx_word' id='word_1_175' title='bbox 544 2194 651 2230; x_wconf 85' lang='lat' dir='ltr'><strong>codd.</strong></span> <span class='ocrx_word' id='word_1_176' title='bbox 673 2206 708 2230; x_wconf 86' lang='lat' dir='ltr'><strong>n.</strong></span> <span class='ocrx_word' id='word_1_177' title='bbox 730 2197 933 2241; x_wconf 80' lang='lat'>179—181)</span> 
     </span>
    </p>

    <p class='ocr_par' dir='ltr' id='par_1_14' title="bbox 274 2246 1540 2342">
     <span class='ocr_line' id='line_1_30' title="bbox 274 2246 1540 2295; baseline 0.002 -14"><span class='ocrx_word' id='word_1_178' title='bbox 274 2250 295 2290; x_wconf 63' lang='grc' dir='ltr'>ἓ</span> <span class='ocrx_word' id='word_1_179' title='bbox 315 2249 348 2281; x_wconf 88' lang='grc'><strong>8.</strong></span> <span class='ocrx_word' id='word_1_180' title='bbox 376 2246 429 2282; x_wconf 86' lang='lat' dir='ltr'><strong>De</strong></span> <span class='ocrx_word' id='word_1_181' title='bbox 461 2246 602 2293; x_wconf 78' lang='lat' dir='ltr'><strong>eclogia</strong></span> <span class='ocrx_word' id='word_1_182' title='bbox 633 2247 877 2293; x_wconf 84' lang='lat' dir='ltr'><strong>epistularum</strong></span> <span class='ocrx_word' id='word_1_183' title='bbox 909 2259 955 2284; x_wconf 84' lang='lat' dir='ltr'><strong>ex</strong></span> <span class='ocrx_word' id='word_1_184' title='bbox 980 2248 1186 2295; x_wconf 80' lang='lat' dir='ltr'><strong>archetypo</strong></span> <span class='ocrx_word' id='word_1_185' title='bbox 1212 2260 1236 2284; x_wconf 85' lang='lat' dir='ltr'><strong>a</strong></span> <span class='ocrx_word' id='word_1_186' title='bbox 1264 2249 1444 2294; x_wconf 82' lang='lat' dir='ltr'><strong>profectis</strong></span> <span class='ocrx_word' id='word_1_187' title='bbox 1473 2253 1540 2284; x_wconf 79' lang='lat'><strong>1⁶2</strong></span> 
     </span>
     <span class='ocr_line' id='line_1_31' title="bbox 462 2294 930 2342; baseline 0 -12"><span class='ocrx_word' id='word_1_188' title='bbox 462 2296 522 2340; x_wconf 89' lang='lat'><strong>(—</strong></span> <span class='ocrx_word' id='word_1_189' title='bbox 542 2294 651 2330; x_wconf 61' lang='lat' dir='ltr'><strong>oudd.</strong></span> <span class='ocrx_word' id='word_1_190' title='bbox 670 2307 706 2330; x_wconf 84' lang='lat' dir='ltr'><strong>n.</strong></span> <span class='ocrx_word' id='word_1_191' title='bbox 729 2298 930 2342; x_wconf 78' lang='lat'>182-193)</span> 
     </span>
    </p>

    <p class='ocr_par' dir='ltr' id='par_1_15' title="bbox 273 2346 1536 2441">
     <span class='ocr_line' id='line_1_32' title="bbox 273 2346 1444 2396; baseline 0.003 -14"><span class='ocrx_word' id='word_1_192' title='bbox 273 2351 293 2389; x_wconf 70' lang='grc'>5</span> <span class='ocrx_word' id='word_1_193' title='bbox 312 2350 345 2382; x_wconf 77' lang='grc'><strong>9.</strong></span> <span class='ocrx_word' id='word_1_194' title='bbox 372 2346 426 2382; x_wconf 90' lang='lat' dir='ltr'><strong>De</strong></span> <span class='ocrx_word' id='word_1_195' title='bbox 464 2346 658 2383; x_wconf 89' lang='lat' dir='ltr'><strong>codicibus</strong></span> <span class='ocrx_word' id='word_1_196' title='bbox 700 2348 885 2394; x_wconf 82' lang='lat' dir='ltr'><strong>epistulas</strong></span> <span class='ocrx_word' id='word_1_197' title='bbox 929 2349 978 2385; x_wconf 88' lang='lat' dir='ltr'><strong>ad</strong></span> <span class='ocrx_word' id='word_1_198' title='bbox 1022 2349 1191 2385; x_wconf 85' lang='lat' dir='ltr'><strong>ordinem</strong></span> <span class='ocrx_word' id='word_1_199' title='bbox 1230 2360 1253 2385; x_wconf 85' lang='lat' dir='ltr'><strong>a</strong></span> <span class='ocrx_word' id='word_1_200' title='bbox 1290 2360 1444 2396; x_wconf 86' lang='lat' dir='ltr'><strong>corpore</strong></span> 
     </span>
     <span class='ocr_line' id='line_1_33' title="bbox 378 2394 1536 2441; baseline 0.002 -12"><span class='ocrx_word' id='word_1_201' title='bbox 378 2394 490 2441; x_wconf 90' lang='lat' dir='ltr'><strong>plane</strong></span> <span class='ocrx_word' id='word_1_202' title='bbox 515 2394 678 2431; x_wconf 86' lang='lat' dir='ltr'><strong>alienum</strong></span> <span class='ocrx_word' id='word_1_203' title='bbox 703 2396 877 2432; x_wconf 82' lang='lat' dir='ltr'><strong>redactas</strong></span> <span class='ocrx_word' id='word_1_204' title='bbox 902 2396 1168 2433; x_wconf 81' lang='lat' dir='ltr'><strong>exhibentibus</strong></span> <span class='ocrx_word' id='word_1_205' title='bbox 1190 2426 1389 2435; x_wconf 91' lang='grc'><strong>.....</strong></span> <span class='ocrx_word' id='word_1_206' title='bbox 1402 2435 1405 2438; x_wconf 76' lang='grc'><strong>,</strong></span> <span class='ocrx_word' id='word_1_207' title='bbox 1430 2426 1437 2433; x_wconf 95' lang='grc'><em>.</em></span> <span class='ocrx_word' id='word_1_208' title='bbox 1472 2401 1536 2432; x_wconf 78' lang='lat'><strong>171</strong></span> 
     </span>
    </p>

    <p class='ocr_par' dir='ltr' id='par_1_16' title="bbox 463 2442 929 2489">
     <span class='ocr_line' id='line_1_34' title="bbox 463 2442 929 2489; baseline 0.004 -11"><span class='ocrx_word' id='word_1_209' title='bbox 463 2444 522 2488; x_wconf 68' lang='lat' dir='ltr'><strong>(a</strong></span> <span class='ocrx_word' id='word_1_210' title='bbox 542 2442 648 2479; x_wconf 75' lang='lat' dir='ltr'><strong>codd.</strong></span> <span class='ocrx_word' id='word_1_211' title='bbox 669 2455 704 2479; x_wconf 83' lang='lat' dir='ltr'><strong>n.</strong></span> <span class='ocrx_word' id='word_1_212' title='bbox 727 2445 929 2489; x_wconf 75' lang='lat'><strong>194—200)</strong></span> 
     </span>
    </p>
   </div>
  </div>
 </body>
</html>
