1872 2924
348 231 407 272 64
655 229 1021 266 PROLEGOMENA
1048 229 1112 265 AD
1137 228 1397 265 EPISTULAS

343 318 455 369 quod
475 317 724 358 Cobellucius
743 318 909 358 Motello
929 317 1058 357 dedit:
1082 311 1211 366 Scipio
1232 317 1473 357 O'obellucius
1494 317 1591 356 Fed.
1610 318 1702 357 Mo—

347 379 442 417 rello
475 378 518 418 V.
541 377 582 418 0.
607 377 647 417 S.
669 408 678 417 .
701 408 709 416 .
738 408 747 416 .
770 379 886 417 iussit
907 389 968 417 me
992 371 1210 431 (pontifex)
1236 377 1304 416 tibi
1326 377 1549 426 significare
1571 378 1699 426 factu-

347 450 439 476 rum
462 449 503 476 se
527 438 752 487 facultatem
777 436 1017 476 describendi
1034 436 1237 486 Epistulas
1255 436 1420 479 Libanii
1438 437 1599 483 quaein
1624 436 1701 475 Va-

347 498 480 536 ticama
511 497 734 536 bibliotheca
763 499 871 535 swnt:
905 495 1088 545 oportere
1117 498 1246 534 tamen
1276 498 1391 534 antea
1414 495 1630 543 recoynosci
1653 507 1703 535 ne

342 553 445 604 ,quid
469 567 488 595 e
512 555 596 595 Sua
619 556 863 595 Bibliotheca
887 556 1075 594 adversus
1099 555 1322 603 reliyionem
1337 554 1515 603 prodeat.
1552 553 1701 594 Romae

356 615 402 656 V.
420 615 484 654 Id.
505 615 584 654 Oct.
609 615 811 655 MDGXI
814 614 857 652 V.
894 614 948 653 Et
982 614 1172 664 epistulas
1208 627 1229 651 e
1263 612 1464 652 codicibus
1495 612 1701 652 Vaticanis

345 674 426 713 sibi
462 687 597 714 curam
639 676 780 726 agente
820 673 1048 713 Cobellucio
1083 685 1118 712 a.
1154 674 1265 711 1617
1309 671 1476 711 describi
1510 672 1702 712 Morellus

347 733 472 773 Andr.
493 733 656 773 Schotto
680 734 883 772 nuntiavit
908 732 1122 772 secundum
1147 732 1266 771 huius
1293 731 1343 770 ad
1367 732 1586 771 Meursimn
1616 732 1700 781 epi-

346 793 498 831 stulam
521 793 639 832 huius
666 792 761 831 anni
780 787 855 843 (Io.
875 793 1019 831 Meurs.
1038 804 1129 842 opp.
1149 791 1228 831 vol.
1246 790 1303 829 XI
1327 804 1365 841 p.
1388 785 1503 844 286).
1541 789 1653 836 Quae
1677 803 1701 830 a

348 851 576 892 Cobellucio
595 854 735 891 nactus
755 854 827 901 est,
847 851 980 891 codice
998 850 1180 890 Parisino
1200 851 1464 890 continentur.
1494 849 1701 889 Librarius

350 909 525 951 Graecus
550 912 672 950 fuisse
697 910 866 961 videtur,
890 912 1058 949 fortasse
1084 909 1164 949 Leo
1183 909 1359 948 Allatius
1369 905 1415 962 ¹).
1452 908 1581 957 Πίναξ
1606 921 1701 948 vero

347 970 418 1010 ille
442 976 513 1011 τοῦ
537 970 678 1023 κυρίου
703 968 916 1023 Μορέλλου
941 983 1022 1009 ιιοιι
1045 969 1164 1008 index
1189 970 1249 1008 est
1273 968 1533 1019 epistularum
1558 968 1701 1007 editio-

348 1031 411 1069 nis
443 1043 565 1080 quam
588 1030 778 1070 Morellus
809 1030 917 1069 foras
947 1029 1111 1068 miserat
1141 1028 1211 1068 sed
1242 1028 1504 1078 epistularum
1535 1039 1633 1077 quas
1661 1040 1703 1067 se

347 1090 430 1129 iam
441 1089 587 1129 habere
602 1088 827 1129 Cobellucio
841 1090 1064 1139 scripserat.
1091 1087 1276 1128 Codicem
1289 1100 1322 1127 a.
1339 1088 1453 1126 1880
1467 1085 1703 1126 examinavi.

409 1149 442 1187 E
462 1148 651 1188 Vaticani
669 1149 724 1188 83
751 1148 853 1188 libro
871 1147 934 1187 III
958 1149 1144 1198 excerpta
1168 1148 1228 1187 est
1247 1147 1383 1198 ecloga
1401 1146 1532 1186 brevis
1552 1147 1702 1197 epistu-

343 1209 492 1258 larum,
517 1221 637 1259 quam
662 1208 826 1259 praebet
851 1207 974 1248 codex

411 1267 722 1307 6.Vaticanus
736 1269 858 1318 gr.82
870 1262 903 1320 ²)
915 1279 966 1307 sc.
980 1265 1075 1305 XIV
1087 1266 1154 1305 fol.
1172 1265 1437 1305 250—253'.
1464 1264 1569 1303 Sunt
1581 1263 1701 1304 titulo

347 1327 488 1377 privae
511 1323 660 1374 a—ug'
691 1328 789 1366 453.
822 1327 920 1366 468.
953 1327 1052 1366 460.
1085 1326 1182 1364 347.
1217 1325 1314 1364 655.
1349 1325 1445 1364 669.
1480 1324 1577 1362 717.
1606 1323 1704 1362 725.

352 1387 449 1426 738.
478 1387 575 1425 744.
604 1387 700 1426 745.
728 1386 824 1425 748.
854 1387 951 1431 749,
980 1386 1077 1425 759.
1106 1385 1202 1424 761.
1231 1386 1326 1424 762.
1356 1384 1452 1423 765.
1481 1383 1577 1422 768.
1607 1383 1703 1422 769.

345 1446 449 1485 839.
475 1446 573 1484 845.
600 1446 697 1485 842.
725 1446 822 1484 836.
844 1446 941 1485 837.
963 1445 1061 1484 868.
1084 1445 1182 1483 871.
1220 1444 1279 1484 De
1301 1443 1562 1494 amplioribus
1580 1442 1703 1481 huius

347 1504 494 1544 codicis
519 1505 817 1544 collectionibus
842 1505 910 1544 fol.
933 1505 1166 1544 204-229
1187 1506 1229 1542 et
1248 1503 1314 1542 fol.
1337 1502 1569 1542 250--253
1597 1513 1702 1540 com-

347 1565 550 1615 prehensis
576 1565 624 1604 cf.
643 1565 751 1603 infra
775 1564 849 1604 sub
869 1578 907 1604 n.
929 1564 1026 1604 194.

408 1624 511 1663 Item
542 1637 562 1663 e
588 1623 777 1663 Vaticani
797 1625 851 1663 83
884 1623 998 1662 libris
1016 1622 1075 1661 IV
1107 1624 1147 1661 et
1172 1622 1209 1660 V
1240 1623 1425 1672 excerpta
1457 1622 1517 1660 est
1547 1620 1705 1671 sylloge.

348 1683 623 1733 epistularum,
647 1696 767 1734 quam
792 1683 957 1733 praebet

271 1750 348 1781 470
413 1744 450 1782 7.
473 1742 736 1782 Vaticanus
755 1742 963 1782 Urbinas
983 1754 1040 1793 gr.
1062 1742 1118 1781 80
1138 1741 1260 1780 chart.
1281 1741 1432 1779 formae
1450 1739 1541 1778 folii
1560 1750 1613 1778 sc.
1632 1737 1706 1777 XV

349 1802 418 1841 fol.
440 1802 701 1841 174⁷-185'
732 1803 926 1852 inscripta
950 1800 1132 1853 λιβανίου
1158 1805 1349 1850 σοφιστοῦ
1374 1797 1582 1839 ἐπιστολαί.
1628 1796 1706 1836 Sed

348 1860 447 1900 ordo
469 1863 530 1900 est
547 1861 746 1901 inversus:
772 1873 874 1911 quae
893 1861 1024 1911 prima
1042 1872 1127 1900 esse
1147 1859 1316 1898 debebat
1334 1872 1396 1909 ep.
1417 1859 1530 1897 1224
1551 1851 1618 1911 (=
1636 1856 1704 1896 lib.

349 1920 407 1959 IV
432 1915 548 1974 μα’),
579 1921 724 1959 ultima
755 1923 826 1961 est.
864 1919 1011 1960 Omisit
1040 1918 1162 1959 verba
1191 1917 1260 1958 τὸν
1284 1915 1619 1972 λόγον-γενναίῳ
1645 1929 1705 1966 ep.

353 1981 468 2020 1260
493 1980 536 2018 in
554 1980 734 2032 margine
755 1980 900 2019 codicis
927 1979 964 2019 V
978 1980 1130 2018 inserta
1147 1991 1270 2017 manu
1287 1978 1421 2026 tertia,
1445 1976 1514 2015 sed
1533 1975 1707 2015 concinit

348 2052 444 2079 cum
462 2039 631 2078 lectione
650 2034 710 2077 m⁸
727 2037 949 2091 κεκτημέναι
968 2050 1040 2089 pro
1061 2035 1324 2088 δεδειδιμένω.
1361 2035 1608 2076 Praecedunt
1625 2037 1706 2073 tres

347 2099 444 2137 illae
476 2098 528 2137 ad
558 2099 755 2138 Basilium
785 2098 980 2149 epistulae
1011 2092 1131 2151 (501.
1165 2097 1262 2136 647.
1287 2108 1427 2135 comm.
1452 2096 1566 2145 epist.
1595 2088 1707 2147 12⁸),

347 2171 454 2207 quae
472 2158 592 2196 finem
610 2158 764 2197 faciunt
776 2158 1023 2197 collectionis
1035 2156 1350 2206 Lacapenianae.
1381 2154 1598 2194 Universae
1612 2155 1708 2193 sunt

346 2235 398 2270 de
417 2235 521 2271 Paris
546 2237 573 2271 t.
594 2235 611 2270 1
632 2235 734 2270 Paris
757 2239 847 2271 1742
872 2247 907 2281 p.
927 2237 1010 2279 540)
1037 2234 1086 2269 ad
1111 2233 1314 2269 editionem
1332 2231 1578 2279 epistularum
1597 2230 1708 2266 Liba-

347 2282 406 2317 nii
436 2293 551 2327 quam
576 2282 663 2318 Fed.
691 2281 867 2319 Morellus
893 2282 959 2318 diu
984 2281 1142 2327 paravit,
1174 2281 1240 2317 sed
1265 2291 1455 2326 nunquam
1482 2279 1580 2314 foras
1605 2276 1708 2313 misit

346 2330 541 2366 destinata
566 2332 655 2365 erat.
690 2329 745 2366 cf.
766 2330 863 2365 infra
882 2330 961 2365 sub.
981 2341 1017 2366 n.
1039 2332 1095 2365 76.

412 2381 445 2422 1)
471 2377 525 2413 Cf.
544 2379 572 2413 t.
591 2378 608 2413 1
629 2381 674 2413 58
693 2379 731 2413 et
749 2381 806 2413 es.

411 2427 446 2470 2)
473 2424 525 2461 cf.
544 2427 572 2461 t.
592 2425 609 2460 I
634 2428 680 2461 48
704 2437 742 2461 n.
763 2429 819 2460 10.
857 2424 964 2461 Char.
985 2423 1132 2469 epistol.
1151 2427 1218 2469 psl
1239 2435 1275 2459 n.
1299 2426 1352 2458 13.

410 2475 447 2518 3)
474 2472 573 2508 Infra
597 2473 667 2508 sub
692 2484 728 2509 n.
749 2476 831 2509 395.
