1872 2924
592 218 613 258 5
627 218 661 251 2.
694 213 760 250 DE
779 212 935 250 vs'rlc.
956 212 1033 251 GR.
1048 216 1094 250 8⁸
1467 214 1532 256 57

291 316 357 357 De
384 316 537 356 forms
561 317 762 355 externa
787 315 1006 366 fatisque
1033 314 1177 355 huius
1204 315 1398 357 codicis.

220 399 379 441 Codicis
403 399 554 439 vetusti
578 412 630 440 sc.
650 399 709 439 XI
733 399 828 439 sunt
852 398 952 438 folia
974 401 1201 439 atramento
1221 398 1340 440 badio
1359 403 1526 439 exarata

162 461 351 510 16—22,
373 460 621 508 183-369,
646 459 902 511 437-438;
933 470 984 498 sc.
1004 458 1084 498 XII
1101 460 1258 498 resarta
1277 461 1370 499 sunt
1388 471 1527 508 manu,

161 532 264 572 quae
282 520 431 560 litteris
449 518 671 559 maioribus
691 520 916 558 atramento
936 519 1048 558 fusco
1068 519 1270 569 scriptura
1288 519 1420 559 minus
1434 522 1526 559 arta

158 591 235 620 us·
259 582 333 630 ost,
363 578 464 619 folia
491 580 651 629 7—15‚
682 578 873 627 23-96,
900 578 1118 628 98-182,
1146 579 1392 619 370—436.
1440 579 1523 618 F01.

160 664 245 704 437
273 663 316 703 et
339 662 426 702 438
453 662 627 713 scriptae
651 663 746 701 sunt
770 661 990 701 Διονυσίου
1015 667 1209 712 σοφιστοῦ
1233 632 1344 701 ἀντιέ
1369 660 1518 703 ἐπιστο-

161 722 243 763 λαίε
255 724 351 763 sunt
362 720 785 773 epistoliaDionysii
799 721 1004 772 sophistae
1013 721 1287 761 Antiochenae
1302 723 1446 761 1—24
1463 723 1521 762 ed.

160 782 325 833 Herch.;
343 794 436 822 cum
454 781 533 820 fine
552 780 748 832 epistulae
767 781 934 821 ultimae
953 780 1020 820 fol.
1038 782 1122 821 438
1143 782 1300 822 desinit.
1335 782 1420 822 Fol.
1436 783 1523 822 439

161 842 350 882 ultimum
376 840 524 882 codicis
543 852 712 880 vacuum
734 843 796 880 est
813 841 1010 881 relictum.
1045 841 1106 881 De
1125 841 1193 881 fol.
1215 843 1284 890 97,
1306 842 1404 891 108,
1425 843 1526 891 109,

162 902 268 952 162,
301 902 406 952 171,
440 902 544 950 173,
578 902 700 951 176',
735 901 860 951 181',
894 897 998 941 182³
1033 913 1158 940 manu
1191 913 1244 941 sc.
1270 901 1366 940 XIV
1396 897 1533 956 (Vm)

158 963 383 1002 atramento
409 963 498 1001 atro
523 962 721 1012 suppletis
746 973 869 1012 supra
892 974 930 1012 p.
953 962 1007 1001 55
1035 961 1252 1012 disputavi.

219 1020 431 1061 Con-ectus
458 1022 519 1060 est
543 1020 666 1061 codex
691 1020 869 1072 quinque
894 1021 1091 1069 manibus,
1116 1020 1270 1060 duabus
1295 1021 1525 1061 vetustiori-

157 1081 233 1122 bus
263 1094 434 1132 quarum
465 1082 576 1132 prior
601 1076 665 1134 (=-
685 1074 764 1133 ιη’)
790 1082 1016 1120 atramento
1041 1080 1174 1129 badio,
1206 1081 1335 1120 altera
1360 1077 1426 1135 (—
1446 1076 1525 1134 αι’)

158 1141 270 1181 fusco
296 1153 371 1181 usa
395 1142 468 1191 est,
495 1143 536 1180 et
555 1140 684 1180 tribus
702 1140 994 1180 recentioribus
1014 1153 1066 1180 sc.
1086 1139 1173 1188 XV,
1199 1153 1372 1190 quarum
1392 1142 1525 1192 prima

159 1195 224 1255 (—
239 1196 318 1254 111⁴)
338 1200 530 1253 subnigro
550 1201 615 1240 vel
633 1200 863 1253 nigricanti,
889 1200 1064 1240 secunda
1083 1195 1149 1254 (ιΕΞ
1163 1195 1242 1254 m⁶)
1261 1201 1381 1252 plane
1406 1202 1524 1253 nigro

159 1262 386 1300 atramento
416 1272 490 1300 usa
515 1262 585 1300 est.
622 1260 733 1300 Haec
758 1273 1051 1311 nonnusquam,
1082 1272 1186 1310 quae
1212 1273 1237 1299 a
1260 1255 1321 1299 ιιι*
1345 1263 1526 1300 correcta

158 1322 288 1370 erant,
318 1319 448 1360 denuo
480 1320 662 1360 correxit.
707 1320 860 1360 Eadem
889 1332 1031 1359 manus
1064 1319 1107 1358 in
1137 1320 1317 1372 margine
1348 1333 1408 1371 ep.
1437 1321 1522 1359 255

156 1380 280 1420 verba
309 1374 697 1433 πάντα-Ἡρακλῆς
727 1375 783 1434 (Χ
805 1380 902 1430 245,
931 1375 1097 1433 5-14)
1128 1380 1170 1419 in
1202 1379 1294 1419 aliis
1320 1380 1523 1420 codicibus

155 1439 291 1480 deesse
317 1441 360 1480 et
383 1439 554 1479 delenda
579 1452 662 1480 esse
689 1439 901 1479 adnotavit
925 1442 972 1479 ut
990 1439 1135 1479 desunt
1151 1440 1194 1478 in
1221 1440 1386 1479 WVae‘nd
1402 1441 1525 1479 Marc

156 1499 276 1539 Bam
302 1495 399 1553 (vid.
426 1512 564 1551 appar.
591 1501 677 1540 crit.
697 1500 724 1539 l.
743 1500 768 1538 l.
789 1499 841 1538 ad
866 1499 935 1539 lin.
957 1495 1002 1546 5)
1026 1499 1256 1550 ibidemque
1285 1499 1408 1538 verba
1431 1499 1524 1539 finis

159 1557 421 1611 ἐμοὶ-Δᾶον
446 1554 567 1614 (247,
587 1561 612 1599 2
633 1554 711 1613 sq.)
737 1559 787 1599 ab
813 1559 904 1599 aliis
924 1559 1126 1600 codicibus
1145 1558 1281 1598 deesse
1303 1571 1398 1599 voce
1416 1557 1524 1607 τέλος

158 1621 254 1670 post
271 1616 538 1673 ἀνδραπόδων
555 1620 688 1670 posita
706 1619 911 1659 indicavit.
942 1619 1086 1658 Manus
1105 1618 1379 1659 recentissima
1396 1631 1523 1669 eaque

157 1678 365 1719 rarissima
390 1674 457 1733 (—
475 1674 554 1733 αι’)
580 1680 808 1719 atramento
833 1678 1027 1718 subviridi
1051 1691 1126 1718 usa
1150 1680 1222 1719 est.

218 1738 384 1779 Pmeter
414 1733 475 1778 m⁶
505 1752 642 1780 omnes
672 1739 912 1779 correctores
943 1738 1097 1778 codices
1129 1737 1414 1788 adhibuerunt,
1445 1740 1518 1778 etsi

158 1798 231 1838 ubi
253 1798 303 1838 de
329 1798 486 1839 omissis
505 1800 656 1851 agitur,
681 1798 862 1850 κείμενον
880 1810 972 1838 raro
991 1800 1324 1849 anteposuerunt3
1349 1793 1407 1837 ιιι*
1425 1811 1521 1838 ιιοιι-

158 1870 358 1909 nusquam
371 1854 521 1911 (1194.
538 1853 817 1912 1136.1485)
836 1857 967 1898 verbis
986 1870 1011 1898 a
1023 1857 1198 1898 secunda
1214 1870 1337 1898 manu
1355 1858 1398 1897 in
1417 1871 1521 1897 mar-

161 1917 255 1970 gine
273 1919 469 1970 suppletis
487 1918 670 1970 κείμενον
688 1919 929 1969 anteposuit.
949 1917 1113 1958 Codices
1123 1917 1174 1957 ab
1187 1917 1237 1957 iis
1249 1917 1421 1958 adhibiti
1441 1930 1522 1957 non

158 1990 295 2018 omnes
313 1978 503 2019 videntur
520 1978 756 2030 superstites
777 1989 871 2018 esse.
911 1977 1064 2017 Saltem
1089 1978 1209 2017 lectio
1227 1975 1407 2028 πρόσθεν
1424 1975 1520 2028 ἀλη-

156 2036 295 2089 θείας,
325 2050 447 2089 quam
478 2032 539 2077 ιη’
562 2051 623 2089 ep.
647 2038 730 2077 786
757 2034 807 2091 (t.
825 2037 861 2076 X
879 2051 918 2089 p.
940 2038 1038 2087 708,
1060 2035 1104 2088 9)
1137 2037 1180 2076 in
1204 2037 1350 2077 lacuna
1373 2038 1522 2089 posuit,

157 2098 201 2136 in
225 2097 337 2137 nullo
362 2097 443 2137 alio
468 2097 602 2138 codice
627 2100 763 2137 extare
787 2096 956 2138 videtur.
995 2096 1143 2137 Contra
1167 2099 1377 2146 corrector,
1408 2098 1515 2137 cuius

159 2158 221 2196 est
244 2151 322 2207 ιη’,
358 2169 476 2208 saepe
513 2169 603 2196 cum
639 2158 700 2206 D,
737 2157 850 2196 cuius
887 2159 949 2197 est
978 2151 1048 2206 m‘,
1084 2156 1206 2197 etiam
1241 2157 1402 2207 saepius
1429 2169 1518 2196 cum

159 2211 436 2271 Mo(squensi)
461 2216 596 2256 codice
621 2218 836 2268 conspirat,
861 2218 974 2256 cuius
1000 2229 1095 2256 vero
1121 2218 1183 2256 est
1200 2210 1270 2266 m⁶,
1294 2215 1404 2255 baud
1428 2228 1519 2256 raro

158 2276 399 2316 temeritatis
424 2278 685 2317 convincitur.

221 2334 353 2375 Codex
384 2349 464 2387 quo
489 2337 577 2376 loco
601 2335 761 2387 imperii
784 2335 1001 2387 Byzantini
1026 2337 1213 2376 exaratus
1237 2337 1359 2387 atque
1385 2335 1520 2375 condi-

161 2396 228 2435 tus
246 2397 311 2446 sit,
330 2397 516 2435 nescitur.
546 2394 894 2447 Constantinopoli
911 2409 1003 2435 eum
1020 2396 1117 2435 olim
1137 2396 1259 2436 fuisse
1278 2396 1385 2435 certe
1402 2394 1521 2434 valde

160 2454 368 2505 probabile
400 2457 471 2495 est.
510 2455 641 2495 Medio
669 2467 720 2495 sc.
741 2455 816 2494 XV
839 2456 882 2494 in
906 2455 1069 2495 Italiam
1094 2456 1288 2506 migrasse
1313 2456 1356 2494 et
1377 2454 1522 2494 biblio-
