1872 2924
323 213 412 255 210
625 213 998 252 PROLEGOMENA
1022 216 1089 258 AD
1114 217 1375 255 EPISTULAS

322 301 390 340 fol.
412 303 496 341 296
519 303 559 341 et
578 304 663 342 297
689 304 904 354 inscriptas
930 303 972 344 ἐκ
996 310 1076 344 τῶν
1091 304 1310 346 ἐπιστολῶν
1325 307 1396 347 τοῦ
1415 308 1584 361 μεγάλου
1603 309 1677 362 βα-

323 361 470 400 σιλείου
489 359 712 413 μονομερὴς
731 362 907 411 ἕκθεσις.·
932 363 1126 416 βασίλειος
1144 365 1325 422 λιβανίῳ’
1361 366 1599 419 αἰσχύνομαί
1615 381 1680 408 σοι

322 421 401 458 κτλ.
428 422 469 459 et
492 421 730 460 intermissis
754 423 959 462 nonnullis
985 424 1168 474 epistulis
1188 423 1370 477 Gregorii
1389 426 1485 466 Naz.
1506 422 1676 480 (ἐπιστο-

323 477 387 518 λαὶ
411 484 483 518 τοῦ
507 477 551 519 ἐν
575 478 702 533 ἁγίοις
726 480 873 535 πατρὸς
897 479 1013 534 ἡμῶν
1035 484 1249 537 γρηγορίου
1273 490 1344 524 τοῦ
1368 485 1581 540 θεολόγον)
1606 487 1677 527 fol.

324 540 431 578 299'
456 538 618 578 additae
643 542 737 579 sunt
761 552 900 581 comm.
920 555 979 592 ep.
1003 544 1188 583 12-14.
1222 543 1392 595 Inspexi.

383 598 461 637 Sex
483 600 642 637 tantum
667 612 714 638 ex
738 600 801 639 his
826 601 1010 650 epistulis
1035 602 1215 652 reliquiis
1240 603 1483 644 collectionis
1501 604 1677 656 Lacape-

322 658 466 696 nianae
481 653 567 711 (fol.
578 654 790 712 89—91¹)
803 660 1019 700 succedunt
1030 660 1072 699 in
1085 662 1235 714 ecloga,
1249 662 1369 713 quam
1380 663 1546 714 praebet
1555 664 1678 704 codex

383 717 480 756 309.
505 716 761 757 Parisinus
780 732 838 770 gr.
860 715 1020 774 30021)
1040 732 1091 760 sc.
1110 721 1184 759 XV
1203 721 1271 761 fol.
1295 724 1557 773 loz-104²,
1579 737 1676 774 qua-

320 789 412 814 rum
435 776 566 826 prima
589 777 783 828 inscripta
807 778 985 831 λίβάνιος
1010 774 1105 834 (sic)
1125 778 1146 820 ὅ
1164 779 1293 834 ῥητωρ
1313 776 1421 836 (sic).
1451 787 1505 822 τῶ
1524 782 1678 836 μεγάλω

321 835 504 887 βασιλείῳ
536 838 597 875 est
628 849 766 876 comm.
793 851 852 888 ep.
881 840 919 890 2,
944 841 1165 889 sequuntur
1190 841 1228 879 5.
1255 841 1293 880 6.
1321 842 1466 881 8—10
1491 844 1532 881 et
1554 843 1675 882 inter-

319 894 452 934 missis
489 895 556 935 fol.
585 897 837 936 104v-107
875 897 1090 951 γρηγορίου
1126 904 1198 939 τοῦ
1233 898 1428 953 θεολόγον
1442 911 1450 919 ·
1485 898 1583 952 ἡμῖν
1615 899 1679 941 ἀεὶ

320 951 387 993 καὶ
417 951 532 994 ἀπὼν
563 956 605 994 et
635 954 774 995 Liban.
801 969 861 1007 ep.
894 958 962 997 19.
995 959 1093 997 379.
1128 959 1243 998 1220
1281 959 1451 1010 denique
1488 960 1555 1000 sol.
1590 962 1676 1001 109

322 1026 463 1053 comm.
477 1027 538 1064 ep.
556 1017 605 1054 11
623 1016 665 1054 et
673 1015 817 1055 Basilii
829 1029 890 1067 ep.
908 1019 958 1056 11
967 1017 1004 1057 5.
1030 1017 1120 1056 Mea
1133 1030 1250 1057 causa
1263 1021 1459 1070 excerpsit
1469 1019 1532 1059 Fr.
1544 1019 1677 1059 Kuhn.

383 1072 484 1112 Item
510 1086 578 1112 sex
601 1076 773 1125 tantum,
797 1076 867 1114 sed
891 1076 993 1116 alias
1011 1089 1057 1115 ex
1075 1077 1138 1116 his
1158 1077 1339 1128 epistulis
1358 1079 1537 1119 continet
1554 1079 1679 1118 codex

250 1144 319 1176 628
384 1133 482 1172 310.
516 1132 781 1173 Brixianus
813 1134 1145 1176 bibliothecae
1181 1136 1500 1183 Quirinianae
1537 1139 1585 1178 A.
1616 1138 1678 1178 IV

324 1187 423 1246 13²)
449 1192 574 1233 chart.
593 1193 745 1233 formae
770 1194 860 1233 folii
883 1195 1046 1235 miscell
1065 1208 1117 1235 sc.
1136 1195 1210 1235 XV
1234 1197 1417 1248 script-us,
1441 1199 1488 1236 ut
1505 1198 1677 1247 videtur,

318 1264 443 1290 manu
462 1252 598 1291 eadem
617 1252 840 1293 Danielis
861 1253 1085 1294 Oaietani
1105 1254 1454 1306 Cremonensis,
1473 1258 1543 1307 qui
1561 1257 1677 1297 Utini

320 1323 425 1350 anno
441 1312 554 1351 1497
577 1307 802 1367 exaravit³)
822 1314 1146 1354 antecendentem
1167 1310 1243 1369 (fol
1271 1311 1317 1369 2)
1335 1321 1461 1367 πυροῦ
1471 1317 1677 1368 ματθαίου

319 1375 390 1409 τοῦ
415 1370 666 1423 καμαριώτου
691 1370 882 1425 ἐπιτομὴν
905 1371 962 1421 εἰς
986 1371 1059 1424 τὴν
1083 1373 1297 1427 ῥητορικήν
1320 1374 1490 1415 testibus
1507 1376 1675 1426 inscrip-

318 1429 429 1469 tione
454 1430 523 1471 fol.
552 1433 595 1470 1:
624 1431 742 1472 Istud
773 1433 1041 1482 compendium
1070 1434 1274 1473 rhetorices
1302 1435 1453 1474 domimi
1479 1435 1676 1475 Matthaei

322 1488 539 1529 Camariotz'
560 1489 982 1541 ametantimopolitam
1004 1493 1193 1542 scriptam
1215 1495 1296 1542 fuit
1310 1506 1388 1543 per
1403 1506 1465 1533 me
1481 1494 1677 1534 danielem

322 1547 556 1598 Gajetanum
578 1550 871 1591 Cremonensem
892 1553 1009 1591 1497
1032 1552 1096 1591 die
1111 1553 1329 1601 penultimo
1347 1553 1579 1603 Septembris
1599 1566 1678 1604 quo

319 1611 487 1657 tempore
515 1609 628 1649 Utine
643 1611 801 1659 publice
817 1611 1037 1660 profitebar
1059 1610 1219 1651 Salario
1236 1623 1447 1652 aureorum
1465 1616 1615 1653 centum
1634 1616 1677 1653 et

319 1667 612 1719 subscriptione
638 1667 659 1708 ὁ
685 1669 874 1722 δανιῆλος
899 1668 1047 1723 ἔγραψε
1071 1669 1139 1710 καὶ
1163 1669 1306 1711 ἐτέλεσε
1324 1668 1450 1727 ἡμέρᾳ
1467 1669 1584 1726 ἁγίου
1602 1677 1675 1711 τοῦ

319 1727 530 1780 μαρτίνου·
565 1727 614 1767 In
637 1728 715 1768 fine
740 1729 887 1769 codicis
910 1730 981 1769 fol.
1010 1731 1260 1770 low—105
1286 1731 1481 1783 singulari
1505 1731 1676 1783 inscrip-

318 1787 428 1826 tione
452 1788 591 1837 privae
616 1790 755 1828 extant
779 1801 920 1829 comm.
945 1802 1005 1840 ep.
1027 1790 1065 1829 3.
1087 1790 1125 1829 5.
1150 1791 1188 1829 8.
1214 1791 1253 1829 4.
1280 1791 1315 1829 6.
1347 1792 1383 1829 7.
1419 1790 1589 1841 Inspexi.

379 1845 582 1892 Quattuor
614 1860 662 1887 ex
694 1848 758 1888 his
792 1848 975 1898 epistulis
1007 1849 1050 1887 in
1084 1849 1215 1899 fronte
1246 1845 1334 1903 (fol.
1357 1848 1505 1904 1—3³)
1537 1851 1678 1890 extant

319 1906 481 1956 eclogae
507 1906 771 1956 epistularum
795 1907 1124 1958 Libanianarum,
1149 1921 1270 1959 quam
1294 1909 1455 1948 exhibet
1478 1909 1600 1948 codex

380 1971 477 2010 311.
503 1971 758 2012 Parisinus
782 1986 841 2024 gr.
861 1968 1021 2026 30214)
1040 1985 1091 2014 sc.
1110 1973 1185 2013 XV
1209 1987 1300 2027 pag.
1322 1975 1478 2023 1—77‚
1503 1987 1674 2025 quarum

318 2031 449 2080 prima
473 2024 539 2084 (=
558 2026 608 2085 4)
631 2031 828 2082 inscripta
851 2034 913 2072 est
933 2033 1116 2085 λιβανίου
1135 2038 1326 2084 σοφιστοῦ
1344 2031 1443 2085 πρὸς
1461 2032 1531 2074 τὸν
1549 2032 1674 2086 μέγαν

318 2089 528 2141 βασίλειον.
571 2090 806 2142 Sequuntur
837 2093 876 2131 5.
902 2093 941 2132 6.
973 2093 1000 2132 8
1031 2093 1154 2143 atque
1184 2093 1257 2133 has
1289 2093 1484 2143 epistulae
1515 2092 1675 2143 Synesii

319 2148 580 2200 aliorumque.
616 2150 789 2201 Inspexi.

381 2242 415 2286 1)
441 2239 563 2285 Supra
586 2252 623 2286 p.
645 2245 711 2276 14⁵1
732 2253 768 2276 n.
791 2245 870 2277 143.

317 2340 350 2375 n
378 2295 414 2339 2)
434 2293 605 2376 gamini,
629 2293 812 2342 Catalogo
837 2294 878 2330 di
901 2294 1138 2331 manoscritti
1161 2294 1265 2341 greci
1284 2295 1384 2332 delle
1401 2295 1493 2331 bibl.
1513 2293 1674 2331 Italiane

375 2352 412 2386 p.
518 2352 572 2386 sq.

379 2395 414 2439 3)
440 2394 491 2431 Μ.
510 2394 945 2442 Vogel—Gardthausen
965 2399 1022 2432 98.

377 2450 414 2494 4)
438 2447 559 2494 Supra
582 2460 619 2494 p.
642 2452 711 2485 12⁶
729 2460 766 2486 n.
787 2452 843 2486 98.
