1872 2924
359 235 380 276 5
402 236 457 269 11.
495 230 560 268 DE
585 213 895 269 ‘rsssnuonns
919 231 983 268 ΕΤ
1008 231 1331 268 VERSIONIBUS
1447 232 1531 276 187

159 335 199 374 p.
221 323 332 363 1041
367 321 486 361 facta.
526 319 650 361 Cuius
681 320 805 361 verba
829 322 941 361 sunt:
971 321 1090 361 codex
1113 322 1295 362 alanicus.
1318 331 1528 372 aramma-

159 384 248 423 8o'ca.
282 381 487 431 Epistotae
511 381 688 421 Libanai.
729 379 861 421 Codex
886 380 1004 421 hodie
1029 393 1158 432 neque
1183 380 1225 420 in
1248 381 1433 421 Parisina
1458 394 1525 420 ne-

159 454 238 493 que
260 441 305 481 in
326 441 631 492 Petropolitana
656 443 871 491 superstes,
896 443 942 480 ut
962 440 1129 480 Carolus
1150 439 1286 481 Graux
1306 442 1347 480 et
1367 441 1525 481 Bitsch-

159 500 304 542 koffius
319 500 420 541 mihi
431 501 688 552 scripserunt,
706 500 890 540 incendio
909 500 982 540 illo
1001 500 1081 540 diei
1104 501 1157 540 19
1178 501 1324 540 mensis
1345 501 1525 553 Augusti

159 573 195 600 a.
219 561 333 601 1794
365 561 531 612 periisse
561 559 733 600 videtur.
782 560 860 600 Sed
884 560 1045 600 Libanii
1075 561 1119 599 in
1150 559 1331 611 linguam
1361 561 1522 612 palaeo-

158 620 350 661 slavicam
380 620 486 661 versi
516 632 589 660 neo
613 619 747 660 volam
772 632 845 659 nec
869 621 1087 672 vestigium
1111 625 1246 660 extare
1271 620 1342 671 qui
1366 621 1523 660 littera·

157 693 248 720 rum
268 679 431 720 inarum
451 679 621 720 maxime
640 680 756 733 gnari
774 681 882 729 sunt,
906 682 954 719 ut
972 680 1017 719 Β.
1040 679 1260 719 Warnecke
1280 680 1379 719 mihi
1398 680 1522 731 scrip-

157 742 225 789 sit,
249 740 430 779 unanimi
454 742 722 780 asseruerunt.

218 799 303 840 Nec
339 801 467 851 magis
503 799 664 840 Libanii
701 799 898 850 epistulae
934 799 1066 840 medio
1104 811 1203 839 aevo
1235 800 1278 838 in
1302 800 1521 852 linguam

158 859 362 899 latinam
387 871 526 899 versae
551 862 654 900 sunt.
693 859 800 907 Quas
826 860 931 899 enim
958 859 1092 899 codice
1117 872 1169 899 sc.
1196 859 1264 909 XI,
1290 859 1387 898 olim

221 919 318 959 268.
349 919 653 969 Bertiniano,
676 919 793 959 hodie
815 919 925 958 urbis
945 918 1008 959 St.
1030 918 1170 958 Omer
1187 932 1225 958 n.
1241 919 1340 968 686,
1361 918 1523 958 Libanii

155 978 348 1029 epistulas
371 979 499 1018 latine
522 980 652 1019 factas
678 979 874 1020 contineri
904 973 1219 1031 crediderunt¹)‚
1246 977 1522 1029 Symmachi

157 1038 350 1089 epistulas
381 1051 467 1078 esse
497 1051 565 1079 eas
590 1051 731 1078 revera
755 1051 972 1089 earumque
998 1038 1299 1089 inscriptionem
1327 1038 1521 1078 Libanii

158 1097 305 1138 verba
335 1097 502 1139 librario
531 1098 746 1139 recentiori
775 1098 899 1139 verba
928 1098 1083 1149 primae
1108 1098 1340 1150 Symmachi
1369 1099 1520 1148 epistu-

155 1157 220 1197 lae
244 1159 363 1198 vcrba
387 1159 509 1198 libavi
532 1159 636 1198 male
661 1158 926 1208 interpretato
951 1158 1087 1198 deberi
1111 1153 1251 1211 olim²)
1278 1158 1406 1198 docui.

219 1219 316 1258 269.
348 1217 631 1259 Versionem
665 1221 800 1258 autem
832 1218 1038 1257 latinam
1073 1218 1158 1258 109
1193 1218 1459 1268 epistularum
1495 1230 1521 1257 a

158 1276 417 1317 Francisco
450 1277 753 1318 Zambicario
785 1290 820 1316 a.
846 1278 928 1317 fere
962 1278 1076 1317 1473
1110 1279 1151 1316 et
1183 1278 1296 1316 1475
1329 1290 1351 1317 e
1382 1278 1519 1317 codice

156 1349 250 1376 cum
275 1337 489 1377 Dresdensi
514 1332 595 1392 (D)
627 1339 668 1377 et
693 1337 954 1378 Casanatensi
983 1339 1155 1390 cognato
1187 1337 1338 1376 factam
1367 1337 1519 1376 nullius

155 1397 201 1435 in
231 1397 325 1437 crisi
354 1397 488 1448 pretii,
518 1397 695 1449 reliquas
719 1410 814 1438 vero
838 1409 974 1437 omnes
1001 1399 1087 1437 419
1114 1396 1164 1437 ab
1189 1397 1261 1437 illo
1286 1397 1405 1436 fictas
1433 1409 1519 1436 esse

156 1455 261 1496 libro
290 1456 363 1496 illo
395 1456 607 1508 inscripto:
642 1457 859 1497 Francesco
891 1457 1147 1497 Zambeccari
1175 1456 1257 1496 und
1288 1456 1352 1496 die
1387 1457 1518 1496 Briefe

157 1515 226 1556 des
255 1514 462 1567 Libnios,
503 1515 774 1568 Stuttgartiae
812 1517 926 1557 1878
964 1516 1072 1556 edito
1106 1517 1353 1568 argumentis
1387 1516 1519 1565 docui,

157 1587 260 1625 quae
285 1575 338 1615 ad
362 1576 548 1627 quamvis
571 1576 864 1616 dubitationem
884 1576 1116 1616 solvendam
1135 1575 1272 1616 valida
1289 1588 1375 1616 esse
1393 1588 1518 1629 agno·

156 1637 302 1675 verunt
319 1648 410 1675 cum
428 1648 565 1676 omnes
584 1637 655 1687 qui
673 1636 722 1676 de
740 1636 812 1676 illo
831 1635 935 1675 libro
954 1636 1210 1685 rettulerunt,
1234 1638 1281 1675 ut
1300 1636 1395 1675 Aru.
1412 1635 1517 1687 Hug,

154 1694 303 1734 Jenaer
332 1694 721 1747 Litteraturzeitung
749 1696 862 1735 1878
892 1695 938 1735 N.
962 1697 1036 1745 243
1070 1694 1156 1735 Gar.
1177 1694 1326 1744 Graux,
1350 1695 1445 1735 Rev.
1466 1695 1516 1734 de

156 1753 252 1804 phil.
271 1754 315 1794 11
337 1755 449 1795 1878
475 1768 526 1794 m.
546 1755 659 1807 Iulii3
678 1755 913 1804 Bursianus,
935 1754 1163 1796 Jahresber.
1182 1755 1210 1795 f.
1229 1755 1349 1795 klass.
1369 1754 1516 1794 Altert.

159 1814 287 1863 1878,
308 1816 392 1854 112
406 1826 486 1867 sq.;
510 1813 554 1856 P.
582 1815 813 1864 Doctum-me,
839 1815 934 1854 Rev.
947 1816 1032 1854 crit.
1052 1816 1165 1855 1879
1187 1828 1225 1855 n.
1240 1815 1319 1865 463
1338 1813 1515 1854 G.Koer-

154 1875 262 1926 ting,
293 1874 484 1914 zeitschr.
515 1874 542 1913 f.
567 1887 720 1914 roman.
751 1874 855 1914 Phil.
879 1874 943 1914 111
975 1870 1132 1928 (1879)
1159 1875 1265 1924 408,
1295 1877 1384 1913 tum
1416 1872 1514 1914 Otto

156 1932 298 1983 Seeck,
329 1933 405 1973 Die
430 1933 564 1974 Briefe
594 1934 663 1974 des
688 1933 880 1974 Libanius
905 1936 1005 1974 471.
1043 1933 1156 1974 Unus
1186 1933 1364 1973 Achilles
1395 1931 1515 1984 Coen,

156 1991 361 2044 Bassegna
384 1993 640 2034 settimanale
665 1994 779 2034 1879
806 1994 923 2044 april.
943 1994 968 2033 6
997 1988 1095 2047 (vol.
1115 1992 1177 2032 111
1202 2006 1240 2032 n.
1261 1994 1315 2033 66
1337 2006 1376 2043 p.
1395 1989 1515 2042 269),

154 2064 398 2102 quamquam
430 2055 666 2106 argumenta
690 2054 869 2106 agnovit,
900 2055 1033 2093 tamen
1059 2053 1182 2092 etiam
1206 2064 1311 2092 nunc
1336 2051 1515 2092 dubitari

155 2122 271 2161 posse
295 2111 512 2163 contendit,
542 2114 608 2152 cui
632 2113 680 2152 de
711 2112 788 2152 fide
812 2112 1010 2154 sentiendi
1035 2125 1138 2163 quae
1163 2112 1262 2152 velit
1285 2111 1514 2152 libertatem

155 2183 235 2210 non
258 2170 430 2218 invideo.
456 2173 502 2212 at
524 2175 763 2223 argumenta
787 2172 1019 2212 authentiae
1045 2172 1223 2222 proferre
1241 2168 1388 2211 omisit.
1419 2171 1514 2210 Vol-

153 2229 279 2270 lertus
298 2242 393 2270 vero
412 2229 570 2282 (Kaiser
580 2230 607 2270 J
611 2231 740 2271 ulians
758 2232 944 2283 religiose
959 2231 1040 2271 und
1053 2231 1376 2283 philosophiache
1390 2221 1514 2270 Uber-

154 2302 350 2342 zeugung,
369 2288 584 2331 Gom-sloh
601 2286 735 2338 1899)
754 2304 793 2341 p.
806 2293 858 2330 61
882 2292 952 2342 qni
971 2291 1164 2342 epistulas
1182 2291 1302 2330 fictas
1321 2302 1405 2330 esse
1421 2302 1512 2330 con-

215 2381 250 2425 1)
273 2379 482 2427 catalogue
506 2380 574 2416 des
595 2380 820 2417 Manu-orit·
845 2380 913 2417 des
938 2380 1218 2427 bibliotheque·
1243 2380 1310 2417 des
1331 2380 1513 2427 Departe·

153 2429 276 2463 mente
299 2431 327 2463 t.
346 2426 398 2463 111
422 2430 503 2464 ⁸00.
537 2427 694 2472 floenel,
719 2427 836 2465 Catal.
856 2428 1042 2466 namt.
1061 2427 1154 2464 bibl.
1173 2431 1256 2464 201.

213 2477 248 2515 2)
274 2474 368 2511 Mus.
390 2475 508 2512 Rhen.
528 2475 630 2511 XXX
648 2479 730 2513 468.
