1872 2924
560 209 581 248 5
600 208 636 242 2.
672 204 737 241 DE
762 204 916 242 VA'r-IC.
939 204 1017 242 GR.
1036 208 1083 241 88
1447 204 1505 248 53

142 295 363 348 iungendos
377 294 546 335 curavit.
559 294 776 333 Rarissime
786 294 975 335 librarius
986 290 1051 347 (=
1068 290 1152 349 Vn)
1166 294 1407 335 resarciendi
1421 294 1506 333 offi-

143 358 207 397 cio
223 356 285 395 ita
307 355 470 395 fimetus
488 355 552 393 est
569 355 615 392 ut
634 365 737 404 quae
764 353 929 394 deerant
954 354 1148 405 epistulas
1176 356 1216 395 in
1243 354 1352 395 foliis
1378 366 1430 394 sc.
1449 354 1507 394 XI

144 415 243 467 ipsis
264 413 467 455 contextui
486 414 678 452 insereret
697 413 810 452 velut
828 427 888 464 ep.
909 408 1000 467 ‘my'
1022 409 1297 467 (193)—9q27‘
1318 409 1447 468 (198)
1465 415 1509 453 in

145 476 214 516 fol.
235 476 335 523 244,
366 487 425 525 ep.
453 470 491 512 τ’
516 469 645 526 (300)
673 473 714 511 ιιι
741 473 808 512 fol.
833 474 931 524 267,
963 473 1157 524 epistulas
1183 486 1319 514 omnes
1344 474 1508 514 ultimas

145 534 238 576 libri
267 534 402 585 quarti
428 534 471 572 in
495 532 563 572 fol.
585 533 685 572 338.
723 532 788 572 Ita
813 533 944 573 effecit
969 536 1015 573 ut
1039 534 1139 573 folia
1163 546 1270 575 nova
1292 533 1510 582 vocabulis,

146 595 244 647 quin
262 593 385 633 etiam
405 591 571 643 syllabis
592 591 880 632 vocabulorum
905 592 1130 633 desinerent
1148 595 1198 633 iis
1217 606 1320 645 quae
1340 594 1510 644 excipie-

145 654 294 694 bantur
317 652 523 693 vocabulis
549 652 614 692 vel
639 651 807 702 syllabis
825 652 1123 703 vocabulorum,
1149 653 1292 704 quibus
1313 653 1412 692 folia
1431 665 1512 693 serb

147 715 244 754 vata
267 712 524 764 incipiebant.
560 711 692 751 Codex
712 724 819 761 vero,
844 724 964 763 quem
982 715 1123 753 nactus
1143 715 1242 763 erat,
1267 713 1406 764 privus
1424 715 1513 752 erat

147 772 352 814 nonnullis
390 771 592 823 epistuliS‚
626 784 728 822 quae
758 773 802 810 in
833 772 905 812 illo
934 773 1161 812 extiterant.
1199 773 1306 813 Nam
1336 785 1440 823 quae
1468 773 1511 812 in

147 834 224 873 hoc
248 834 337 873 erat
361 833 476 883 epist.
501 828 540 870 λ’
567 828 656 884 (fol.
679 827 768 886 16),
798 831 840 870 ιιι
866 831 936 871 illo
961 833 1096 872 fuerat
1120 829 1211 884 μθ’,
1243 845 1345 884 quae
1370 834 1413 871 in
1437 832 1513 872 hoc

150 890 209 944 μ’,
239 892 282 932 ιιι
306 891 378 932 ι110
403 892 536 931 suerat
560 887 636 930 νθ’
661 894 734 930 etc.
772 890 860 930 Hae
889 893 942 931 19
969 892 1166 942 epistulae
1190 905 1313 932 manu
1338 891 1513 932 effecisse

151 952 339 992 videntur
362 951 678 1003 quaternionem,
703 951 815 991 cuius
838 952 895 990 rei
916 951 1199 992 documentum
1217 954 1289 1002 est,
1314 951 1422 1003 quod
1439 965 1514 992 nu-

150 1024 282 1052 merus
314 1011 589 1062 quaternionis
620 1006 672 1063 Ξῖἡ
699 1023 724 1050 a
743 1010 797 1056 V1
823 1013 994 1062 scriptus
1019 1013 1131 1051 extat
1155 1011 1223 1052 fol.
1246 1013 1364 1061 220',
1395 1024 1420 1051 a
1440 1011 1515 1058 Vn

151 1083 221 1124 fol.
242 1084 341 1132 213,
365 1087 422 1121 κθ
447 1082 621 1133 scriptus
644 1095 668 1121 a
686 1082 742 1128 V1
767 1083 835 1122 fol.
857 1084 976 1132 228',
1008 1096 1033 1123 a
1058 1083 1130 1128 Vn
1160 1085 1264 1134 221,
1290 1087 1363 1123 etc.
1401 1083 1515 1130 Quod

152 1155 349 1195 quaenam
369 1143 462 1182 illae
482 1143 535 1181 19
558 1142 753 1192 epistulae
773 1142 924 1181 fuerint
942 1142 1072 1182 dicere
1091 1155 1317 1194 possumus,
1336 1144 1377 1183 id
1397 1144 1515 1183 alteri

153 1202 332 1243 codicum
352 1203 489 1254 generi
509 1215 555 1241 ex
569 1201 705 1241 eodem
719 1203 830 1242 fonte
845 1205 945 1252 orto,
965 1202 1167 1242 codicibus
1179 1203 1359 1243 familiae
1380 1204 1440 1243 Va
1448 1203 1517 1254 Vo,

154 1262 352 1302 debemus.
390 1262 532 1312 Neque
562 1263 605 1300 in
636 1264 752 1312 parte
783 1268 972 1313 reparat-a
997 1263 1160 1302 omnino
1185 1262 1341 1313 desunt,
1372 1264 1516 1303 saltem

154 1334 247 1373 pars
272 1334 408 1361 earum
432 1325 572 1372 postea
598 1321 678 1361 alio
701 1321 789 1361 loco
808 1323 959 1361 inserta
976 1323 1186 1372 reperitur,
1210 1323 1258 1362 ut
1275 1323 1382 1362 infra
1399 1337 1437 1374 p.
1460 1325 1515 1363 55

154 1381 371 1421 ostendam.

216 1439 382 1491 Corpori
408 1440 673 1491 epistularum
697 1441 820 1480 talem
846 1441 887 1479 in
914 1441 1076 1480 modum
1101 1442 1250 1481 refecto
1269 1443 1391 1481 etiam
1411 1455 1517 1483 nova

157 1501 197 1539 in
222 1500 346 1540 libros
371 1500 516 1540 divisio
541 1501 638 1540 data
664 1503 734 1540 est.
774 1501 877 1540 Sane
899 1502 982 1539 iam
1004 1501 1200 1551 epistulae
1221 1504 1397 1552 corporis
1415 1514 1516 1542 saec.

156 1559 214 1599 XI
243 1555 310 1614 (ε-
331 1555 405 1614 V1)
436 1573 515 1600 non
553 1560 672 1600 modo
704 1560 829 1599 denae
868 1561 968 1598 serie
1006 1561 1196 1599 continua
1227 1565 1460 1601 numeratae
1470 1557 1518 1616 ¹),

158 1619 226 1660 sed
257 1621 380 1659 etiam
410 1621 452 1659 in
478 1619 602 1659 libros
629 1620 781 1659 divisae
808 1623 933 1659 erant.
973 1619 1094 1659 Cuius
1119 1621 1179 1659 rei
1202 1622 1433 1661 testimonio
1458 1624 1519 1662 est

157 1679 366 1730 inscriptio
392 1679 479 1718 folii
502 1680 606 1719 187
632 1679 751 1719 hodie
769 1681 930 1718 tantum
949 1692 1029 1719 nou
1049 1679 1308 1731 inscriptione
1326 1693 1432 1720 nova
1451 1681 1517 1721 ob-

157 1750 235 1790 lita
257 1756 328 1790 τοῦ
359 1750 542 1802 λιβανίου
575 1746 663 1803 (τοῦ
689 1746 929 1804 σοφιστοῦῖ)
956 1749 1112 1790 ἕπιστολ
1142 1752 1185 1802 βι
1216 1751 1240 1790 δ
1271 1764 1375 1802 quae
1399 1753 1519 1792 initio

158 1810 254 1850 libri
278 1811 413 1861 quarti
444 1823 569 1861 aeque
600 1812 724 1861 atque
749 1811 791 1849 in
818 1811 873 1849 Vo
884 1811 944 1850 Va
974 1813 1096 1850 extat.
1133 1811 1245 1851 Idem
1276 1811 1325 1850 de
1356 1824 1519 1863 corpore

162 1869 231 1915 Vn
266 1869 399 1909 valere
433 1870 628 1920 probatur
660 1870 922 1920 inscriptione
956 1870 1113 1922 βιβλίον
1138 1883 1162 1916 ς
1195 1883 1298 1922 quae
1323 1871 1390 1911 fol.
1412 1873 1521 1912 416*

162 1925 243 1980 (ep.
265 1924 400 1983 1045)
432 1932 526 1969 ante
561 1930 724 1969 initium
754 1929 847 1969 libri
873 1929 930 1968 VI
961 1943 1082 1969 manu
1107 1929 1179 1975 Vn
1203 1933 1368 1970 exarata
1399 1933 1519 1971 extat.

163 1988 242 2027 Sed
265 1988 316 2028 ab
342 1988 417 2028 hac
440 2002 543 2040 quae
568 1989 686 2029 modo
710 1989 847 2039 plures
871 1989 990 2029 modo
1015 1991 1221 2039 pauciores
1246 2002 1366 2040 quam
1392 1994 1520 2031 cente-

162 2060 235 2087 nas
260 2048 453 2099 epistulas
479 2049 694 2100 unicuique
714 2048 816 2088 libro
836 2048 958 2098 dedit,
982 2049 1102 2099 plane
1121 2049 1279 2088 diversa
1296 2051 1521 2091 numeratio

164 2120 270 2148 nova
300 2107 464 2147 inducta
494 2110 557 2148 est
587 2121 689 2159 quae
719 2109 935 2159 unicuique
966 2108 1069 2148 libro
1099 2110 1298 2148 trecentas
1329 2110 1522 2160 epistulas

163 2166 284 2206 dedit.
321 2166 408 2206 Iam
433 2167 501 2208 fol.
523 2169 546 2206 7
575 2170 669 2207 ante
692 2168 863 2219 primam
889 2167 1100 2218 epistulam
1128 2163 1210 2221 (α’)
1234 2167 1391 2220 βιβλίον
1415 2175 1522 2220 πρῶ-

164 2240 235 2266 τον
259 2226 531 2278 antepositum
557 2230 599 2266 et
623 2227 689 2267 fol.
712 2228 786 2266 9⁷²
803 2229 896 2278 post
914 2226 1127 2277 epistulam
1146 2223 1185 2266 τ’
1204 2222 1270 2280 (-
1291 2224 1398 2283 640)
1417 2227 1524 2277 τέλος

166 2290 237 2325 τοῦ
266 2285 425 2339 πρώτου
456 2285 614 2338 βιβλίου
645 2286 925 2337 subscriptum,
957 2286 1124 2326 f01.97'
1153 2286 1310 2340 βιβλίον
1340 2287 1523 2342 δεύτερον

229 2402 264 2446 1)
288 2399 516 2456 Etiamnunc
533 2399 679 2436 numeri
699 2400 776 2444 sz'
795 2399 877 2483 ascl.
898 2402 980 2445 18⁶)
1000 2421 1046 2427 —
1064 2400 1171 2455 ἀφιί
1190 2400 1268 2447 (fol.
1289 2404 1377 2437 367¹
1379 2404 1524 2448 )mann

166 2445 219 2493 V1
243 2448 387 2484 exarati
411 2447 451 2483 in
476 2448 647 2495 margine
672 2450 797 2494 epistu
814 2458 921 2484 arum
945 2437 1138 2494 conspicui
1162 2451 1260 2485 nunt.
