1872 2924
327 184 378 219 VI

887 182 1194 220 CONSPECTUS

410 271 431 311 ς
454 270 508 303 10.
534 266 590 302 Do
616 266 808 302 codicibus
835 266 1015 302 solitariis
1058 294 1210 304 .....
1251 255 1258 303 ’.
1298 295 1591 306 .......
1626 275 1697 307 1¹18

624 321 684 366 (=
705 319 812 355 codd.
832 332 867 356 n.
889 321 1093 366 207—251)

410 377 430 417 g
453 377 508 409 11.
533 372 590 427 De
634 374 832 409 stemmate
875 373 1046 409 codicum
1091 373 1340 418 corporalium
1380 378 1417 411 et
1453 375 1602 423 ecloge-

540 431 683 456 norum
723 448 923 457 .....
1009 447 1018 456 .
1105 448 1591 461 ...........
1628 427 1696 460 184

409 479 429 518 ξ
453 478 507 510 12.
533 474 588 510 De
609 473 835 509 testimoniis
853 479 892 510 et
910 473 1142 510 versionibus
1156 485 1252 520 quae
1265 474 1436 510 feruntur
1447 476 1601 521 palaeo-

542 521 684 556 slavica
709 527 748 557 et
772 521 892 557 letina
917 548 1590 560 ...............
1626 527 1697 560 184

625 576 683 621 (=
706 574 813 610 codd.
833 586 868 611 n.
890 576 1092 620 252-269)

411 676 558 721 eaput
583 675 627 711 11.
673 675 734 710 De
765 675 986 721 epistulis
1017 676 1147 711 extra
1177 676 1340 722 corpus
1372 676 1647 723 eclogesque

927 729 1138 765 servetis.

412 798 432 838 ξ
455 797 511 831 13.
537 794 592 830 De
617 805 678 840 ep.
700 797 791 829 1643
817 797 855 830 et
880 798 972 830 1544
1013 822 1595 832 .............
1629 799 1697 832 188

628 850 686 894 (=
707 847 814 883 codd.
835 860 871 882 n.
888 851 1092 892 270-276)

413 905 433 945 ξ
456 905 510 937 14.
536 902 592 937 De
617 900 790 947 epistulis
815 901 975 936 subditis
1002 904 1236 936 1545—1553
1252 929 1592 939 ........
1628 906 1696 937 191

626 957 684 1001 (=
705 955 811 990 codd.
832 967 867 990 n.
889 956 1091 1000 εῖτ-291)

415 1012 435 1052 5
457 1012 512 1044 15.
539 1008 594 1043 De
626 1007 845 1053 corpusculo
872 1007 1119 1053 epistularum
1148 1007 1249 1043 inter
1272 1007 1456 1043 Basilium
1481 1009 1520 1044 et
1542 1007 1604 1043 Li·

547 1055 701 1091 banium
726 1062 939 1091 mutuarum
969 1082 1595 1092 ..............
1629 1059 1700 1091 197

629 1114 689 1153 (=
711 1108 819 1144 codd.
840 1120 875 1143 n.
897 1109 1100 1152 292—419)

417 1167 437 1206 ξ
459 1166 513 1199 16.
540 1162 595 1197 De
633 1161 864 1197 editionibus
895 1160 1143 1207 epistularum
1179 1160 1238 1196 vel
1273 1161 1509 1207 praeparatis
1545 1161 1606 1197 vel

547 1209 691 1246 effectis
717 1211 756 1245 et
780 1209 827 1245 de
852 1209 1009 1245 consilio
1034 1208 1144 1244 huius
1172 1208 1350 1244 editionis
1399 1236 1597 1245 .....
1631 1212 1703 1244 234

622 1265 678 1308 (=
701 1262 809 1298 codd.
827 1274 864 1298 n.
884 1264 1087 1308 420—442)
