1872 2924
334 224 420 266 196
636 223 1003 260 PROLEGOMENA
1029 225 1096 260 AD
1123 225 1382 262 EPISTULAS

333 313 405 362 qui
432 315 481 351 ut
511 312 612 350 hanc
637 312 915 351 difficultatem
940 316 1158 363 superaret,
1187 313 1279 361 τοὺς
1304 309 1495 366 λαβόνιὲας
1520 315 1619 363 υἱεῖς
1641 317 1685 355 in

333 370 401 410 τὸν
432 370 602 423 λαβόντα
631 369 720 410 υἱέα
750 377 909 410 mutare
940 372 1088 411 voluit:
1119 376 1163 412 at
1186 377 1247 412 est
1270 375 1352 413 vim
1378 374 1518 413 afferre
1543 374 1684 414 verbis.

332 431 379 470 A.
401 431 485 470 393
519 442 612 470 vero
636 430 828 469 Ioannem
854 431 1180 481 chrysostomum
1212 445 1236 471 a
1259 433 1489 473 laudatione
1513 434 1684 484 impera·

333 492 466 529 torum
490 490 700 529 scribenda
719 490 894 529 alienum
912 491 1036 530 fuisse
1054 503 1127 541 pro
1147 494 1255 531 certo
1273 494 1448 532 statuere
1466 492 1572 532 licet.
1606 492 1684 532 Sed

333 562 380 588 ne
400 549 500 588 illud
518 549 680 599 quidem
699 549 860 588 admitti
878 552 1012 600 potest
1031 551 1139 600 quod
1166 555 1499 591 commemoratur
1516 553 1559 590 in
1577 553 1684 603 prin·

333 609 437 659 cipio
463 609 656 659 epistulae
681 609 894 648 Libanium
920 610 1052 660 ipsum
1076 609 1348 663 laudationem
1371 611 1486 650 illam
1509 611 1685 662 amplam

332 669 401 707 ubi
432 668 630 718 acceperit
658 670 847 707 recitasse
877 669 1115 708 rhetoribus.
1152 669 1245 708 Fuit
1276 671 1380 709 enim
1410 671 1482 710 illo
1506 672 1685 721 tempore

332 727 556 778 decrepitus
583 728 783 778 mortique
808 728 973 768 vicinus.
1006 728 1111 775 Quid
1135 730 1178 767 in
1202 729 1325 767 simili
1348 741 1391 768 re
1414 729 1566 781 fecerit,
1595 731 1685 781 ipsa

331 787 404 825 illa
437 799 497 836 ep.
522 787 635 826 1100
667 787 852 827 o=tendit.
895 787 1076 838 Denique
1107 788 1227 827 verba
1261 801 1320 839 ep.
1343 789 1456 828 1553
1487 790 1686 839 plausum,

333 859 410 896 quo
434 846 613 888 laudatio
639 858 663 884 a
687 846 915 885 rhetoribus
941 849 1104 897 accepta
1129 847 1200 896 sit,
1234 847 1498 887 describentis.
1529 842 1586 887 ὧν
1618 847 1685 888 οὐ·

332 903 788 958 δεὶς-ἕκπεπληγμένων
800 906 878 958 (XI
892 907 990 957 570,
1006 907 1209 957 12-571,
1220 903 1264 960 1)
1278 908 1445 946 nimium
1458 907 1562 946 illud
1575 907 1683 958 quod

332 965 373 1002 in
399 965 613 1004 Basilianis
639 966 789 1004 mutuis
815 965 1092 1017 castigandum
1117 967 1194 1004 erit
1215 966 1482 1019 exaggerandi
1506 967 1684 1006 studium

330 1023 514 1073 produnt.
559 1024 635 1062 Hic
668 1037 827 1075 quoque
859 1025 1019 1064 modum
1049 1028 1252 1065 servatum
1283 1026 1441 1065 exhibet
1472 1039 1531 1076 ep.
1556 1027 1681 1066 1100.

333 1082 444 1128 Quae
475 1096 564 1122 cum
600 1083 658 1122 ita
690 1085 790 1133 sint,
822 1097 881 1134 ep.
910 1086 1023 1123 1553
1062 1097 1153 1123 non
1184 1097 1273 1123 cum
1304 1080 1527 1139 Valesi01),
1565 1097 1685 1135 quem

332 1143 538 1182 Renardus
563 1138 754 1195 Goebel²)
787 1145 827 1182 et
853 1144 1028 1184 Maasius
1057 1144 1169 1183 1126
1201 1145 1327 1184 secuti
1352 1147 1463 1193 sunt,
1494 1158 1518 1183 a
1544 1144 1685 1183 Liba-

333 1201 413 1241 nio
440 1202 611 1252 quidem,
636 1203 705 1241 sed
724 1203 775 1242 ad
794 1204 917 1242 alium
936 1203 1126 1242 Ioannem
1145 1204 1335 1254 scriptam
1353 1217 1437 1243 esse
1457 1205 1684 1243 existimare

333 1273 445 1310 queo.
479 1262 654 1311 Accedit,
681 1262 786 1312 quod
805 1262 1002 1302 Isidorum
1025 1263 1067 1301 in
1092 1263 1166 1302 hac
1191 1263 1352 1314 quidem
1376 1276 1419 1302 re
1443 1276 1527 1303 sese
1553 1263 1684 1314 decipi

332 1333 494 1369 passum
519 1333 602 1360 esse
622 1334 740 1373 aegre
758 1322 918 1360 admitti
937 1324 1079 1372 potest.
1114 1322 1254 1373 Neque
1274 1322 1378 1362 enim
1398 1323 1527 1362 solum
1543 1323 1684 1362 Ioanni

335 1379 615 1430 Chrysostomo
635 1383 768 1420 aetate
789 1393 937 1432 suppar
956 1382 1046 1430 fuit,
1070 1382 1138 1421 sed
1163 1383 1286 1421 etiam
1305 1382 1436 1433 ipsum
1455 1383 1683 1432 scriptaque

333 1438 417 1478 eius
448 1434 615 1494 novit3).
648 1439 797 1480 Contra
827 1441 886 1479 nil
918 1440 1068 1490 obstat,
1103 1441 1313 1491 quominus
1350 1441 1554 1480 credamus
1592 1454 1684 1480 eum

332 1498 511 1538 fraudem
545 1500 587 1538 in
619 1500 791 1550 epistula
820 1502 867 1539 ut
898 1513 922 1539 a
948 1500 1114 1540 Libanio
1147 1496 1200 1539 ad
1231 1501 1420 1540 Ioannem
1449 1500 1682 1551 chrysosto-

332 1570 442 1596 mum
467 1560 617 1609 scripta
647 1560 896 1598 commissam
927 1572 1071 1610 parum
1100 1561 1356 1611 perspexisse.
1388 1560 1442 1599 Et
1473 1559 1681 1600 consilinm

332 1630 413 1666 quo
432 1618 608 1668 epistula
630 1617 724 1658 ficta
750 1622 810 1658 est
829 1619 974 1669 elucet,
1000 1619 1105 1659 idem
1124 1621 1196 1668 est,
1221 1619 1327 1670 quod
1350 1619 1392 1657 in
1418 1621 1566 1659 mutuis
1589 1631 1683 1669 quo-

333 1689 409 1727 que
423 1677 639 1717 Basilianis
652 1690 948 1730 cognoscemus:
968 1679 1121 1718 etiam
1143 1679 1356 1719 Ioannis
1374 1677 1683 1729 Chrysosto-

332 1736 399 1775 mi
422 1737 731 1787 eloquentia
756 1750 995 1777 summam
1021 1737 1142 1777 tulit
1166 1737 1368 1777 laudem
1387 1738 1571 1777 ethnici
1591 1737 1681 1776 An·

331 1794 557 1835 tiocheni.
578 1796 759 1846 Denique
778 1810 827 1836 ne
846 1798 945 1836 illud
958 1797 1130 1848 quidem,
1143 1798 1251 1849 quod
1268 1799 1311 1836 in
1329 1799 1480 1836 mutuis
1499 1797 1683 1837 observa-

331 1854 474 1904 bimus,
503 1856 568 1894 hic
593 1855 714 1906 deest,
746 1857 926 1907 exempla
950 1857 1051 1896 dico.
1088 1858 1281 1896 Tenorem
1305 1857 1467 1908 quidem
1491 1856 1682 1908 filumque

332 1914 462 1953 fictori
494 1915 680 1965 praebuit
707 1915 781 1954 illa
813 1929 873 1967 ep.
903 1917 1028 1956 1100.
1068 1916 1316 1967 Principium
1348 1927 1442 1956 vero
1473 1914 1684 1967 δεξάμενός

332 1972 592 2026 σου-ἥσθην
617 1968 692 2014 οὖν
717 1971 794 2027 (XI
814 1977 913 2025 570,
935 1976 1139 2026 11—571,
1159 1974 1206 2028 2)
1227 1977 1432 2015 mutuatus
1451 1977 1513 2015 est
1531 1987 1556 2014 a
1574 1976 1683 2025 prin-

332 2032 436 2082 cipio
456 2034 653 2084 epistulae
667 2034 814 2073 Iuliani
831 2035 881 2074 ad
895 2035 1147 2074 Theodorum
1160 2034 1548 2086 archipresbyterum
1560 2034 1680 2084 scrip·

331 2095 398 2130 tae
423 2094 465 2131 et
488 2105 508 2131 e
528 2093 661 2132 codice
682 2092 878 2133 Chalceno
899 2108 923 2133 a
941 2093 1199 2145 Papadopulo
1218 2093 1423 2143 Kerameo,
1442 2093 1542 2133 Mus.
1557 2093 1680 2133 Rhen.

334 2151 403 2202 42,
418 2152 472 2190 24
492 2152 731 2202 publicatae.
761 2154 986 2204 Epistulam
1007 2156 1055 2192 ut
1073 2153 1218 2193 Isidori
1235 2153 1436 2193 codicibus
1453 2153 1606 2192 tradita
1621 2155 1683 2192 est

394 2291 430 2332 1)
455 2288 555 2326 Socr.
574 2289 662 2325 hist.
682 2290 772 2326 eccl.
792 2290 843 2326 VI
867 2294 888 2326 ³
913 2303 949 2336 p,
973 2294 1027 2327 75.

392 2349 428 2393 2)
452 2348 508 2384 De
531 2348 682 2384 Ioannis
708 2348 961 2403 chrysostomi
986 2351 1025 2385 et
1042 2349 1192 2385 Libauii
1217 2349 1447 2385 orationibus
1473 2359 1569 2394 quae
1594 2350 1683 2383 sunt

333 2395 380 2430 de
405 2395 590 2432 seditione
615 2396 951 2442 Antiochiensium,
978 2396 1148 2443 Gotting.
1169 2400 1272 2441 1910,
1293 2401 1349 2433 12.

393 2457 429 2499 3)
453 2455 657 2502 Naegelius
681 2455 706 2491 l.
726 2455 751 2491 1.
773 2459 828 2491 27.
