1872 2924
399 200 419 241 5
439 201 473 233 4.
511 195 577 232 ΒΕ
603 194 826 232 ECLOGAE
852 197 889 231 Σ
911 194 1272 232 PROPAGINIBUS
1435 196 1522 239 105

154 289 241 329 409
268 300 347 327 non
370 284 563 341 Θεμιστίφ
588 284 656 324 sed
679 278 901 339 Ἀνατολίῳ.
938 284 1012 323 Est
1039 283 1302 325 Caesareus
1329 285 1521 325 charta·

153 358 266 389 ceu·
291 340 581 398 Lambecii¹)
607 343 884 395 Wolfiique.

216 406 308 447 Mea
332 406 467 459 gratia
490 403 737 444 examinavit
758 403 939 444 Isidorus
964 403 1144 456 Hilberg.

217 468 255 507 7.
283 465 371 507 Euo
389 465 514 506 etiam
532 464 710 515 pertinet
727 463 868 515 ecloga
885 463 1049 514 pusilla,
1074 476 1196 516 quam
1215 464 1381 516 praebet
1399 464 1523 504 codex

214 538 285 579 68.
317 535 706 577 Vindobonensis
737 535 911 585 philos.
946 537 994 575 et
1026 535 1197 586 philol.
1232 536 1314 575 281
1356 548 1409 575 sc.
1435 535 1510 574 XV
1525 545 1597 577 512

154 598 222 638 sol.
245 598 330 638 143
357 599 399 637 et
426 596 522 636 144.
560 594 665 634 Sunt
695 594 892 646 epistulae
924 595 1067 645 quavis
1098 595 1359 647 inscriptione
1382 596 1523 646 privae

155 659 254 698 909.
283 658 351 697 93.
375 658 471 696 711.
493 656 592 695 707.
620 655 718 694 238.
746 655 845 703 390,
871 667 976 705 quae
1001 667 1091 694 cnm
1117 656 1187 695 fol.
1204 656 1309 695 144v
1333 656 1375 695 in
1401 655 1525 695 verba

154 712 186 758 ὦ
206 717 272 765 ζεῦ
291 711 347 771 (Χ
363 717 462 766 381,
478 716 531 755 19
543 709 623 769 sq.)
643 713 801 754 desinit.
831 713 930 754 Cum
950 714 1042 754 aliis
1061 715 1174 754 vitiis
1191 717 1278 754 tum
1299 714 1524 755 omissioni-

155 777 231 817 bus
257 778 386 817 scatet
409 777 451 815 et
475 775 618 826 quovis
641 774 773 825 pretio
799 774 939 814 critico
964 776 1084 814 caret.

215 836 337 876 Henr.
359 834 618 875 Schenkelius
641 833 743 873 mihi
767 833 988 884 descripsit.

214 954 396 994 Alterius
411 953 648 1006 propaginis
666 965 795 1003 neque
808 965 833 991 a
845 952 878 992 S
893 953 1067 992 multum
1087 953 1276 993 distantis
1295 953 1376 993 fuit
1393 965 1525 992 exem-

155 1014 263 1066 plar,
300 1026 322 1053 e
359 1027 439 1065 quo
473 1012 628 1053 codices
662 1015 746 1053 tres
780 1012 972 1063 descripti
1003 1015 1098 1052 sunt
1130 1011 1525 1052 Laurentianus

159 1073 273 1114 LVII
292 1075 363 1124 47,
388 1073 693 1113 Burneianus
722 1074 790 1124 75,
817 1072 1080 1112 Vaticanus
1107 1073 1205 1112 937.

219 1146 287 1186 69.
312 1144 674 1185 Laurentianus
699 1144 814 1184 LVII
831 1145 887 1184 47
911 1139 977 1198 (=
990 1138 1119 1197 Laur)
1151 1139 1357 1198 sc.XIV²)
1382 1144 1526 1184 f01.40

158 1206 294 1246 —125
314 1205 481 1256 praebet
496 1204 770 1244 collectionem
786 1204 1051 1255 epistularum
1069 1204 1336 1243 trecentarum
1356 1204 1523 1255 inscrip-

159 1267 244 1304 tam
269 1262 468 1305 ἐπιστολαὶ
494 1263 677 1316 λιβανίου
703 1269 909 1315 σοφιστοῦ.
946 1263 1031 1304 Fol.
1053 1264 1123 1313 57,
1147 1263 1261 1304 cuius
1281 1264 1323 1302 in
1342 1264 1525 1316 margine

159 1324 348 1364 inferiore
366 1324 560 1375 scriptum
580 1325 642 1363 est
659 1322 836 1364 ἐνταῦθα
856 1323 1025 1363 λείπεται
1049 1321 1147 1363 κατὰ
1171 1321 1241 1363 τὸν
1264 1323 1415 1363 πίνακα
1439 1322 1524 1363 ἐπι-

160 1381 295 1425 στολαὶ
314 1383 414 1424 δύω·
435 1378 493 1424 ὧν
505 1389 576 1436 τῆς
595 1380 705 1435 μὲνὴ
721 1381 834 1436 ἀρχή,
852 1380 988 1434 ἐπειδὴ
1002 1382 1196 1423 πλειόνων
1209 1381 1309 1430 ἔδεις
1322 1379 1388 1436 (=-
1404 1378 1526 1437 314),

159 1449 230 1497 τῆς
257 1441 300 1484 δὲ
319 1441 451 1496 ἑτέρας
474 1442 575 1483 καλά
592 1457 635 1497 γε
654 1454 719 1483 σοι
737 1441 785 1482 τὰ
802 1441 1057 1496 πεπραγμένα
1075 1438 1140 1496 (=·
1158 1439 1277 1492 339),
1301 1443 1389 1482 loco
1413 1442 1525 1482 bom-

160 1503 297 1555 bycini
322 1503 459 1543 amissi
483 1503 737 1543 chartaceum
763 1502 991 1553 suppletum
1016 1516 1140 1542 manu
1164 1514 1218 1541 sc.
1236 1501 1322 1552 XV,
1347 1515 1427 1542 non
1451 1503 1527 1542 has

162 1562 321 1614 quidem
342 1563 442 1603 duas
461 1563 655 1614 epistulas
674 1557 758 1614 (νς’
777 1564 818 1602 et
835 1558 912 1616 νζ)
931 1562 1122 1612 continet,
1146 1561 1216 1602 sed
1237 1561 1353 1601 finem
1374 1562 1525 1613 epistu-

161 1623 225 1662 lae
251 1622 294 1662 in
318 1622 388 1662 fol.
410 1623 464 1662 56
492 1622 763 1662 antecedentis
788 1619 854 1675 (=
872 1617 947 1676 19)
971 1621 1064 1661 inde
1092 1633 1117 1660 a
1140 1621 1262 1669 κίζειν
1287 1617 1341 1676 (Χ
1364 1623 1431 1672 14,
1449 1617 1524 1675 16)

163 1685 204 1722 et
226 1681 390 1722 initium
414 1682 610 1733 epistulae
634 1675 701 1733 νη’
721 1684 786 1734 (==
808 1677 914 1735 636)
938 1693 1068 1732 nsque
1093 1680 1144 1720 ad
1170 1679 1294 1734 φρέας
1317 1679 1394 1733 ἔνέ,
1421 1693 1524 1732 quae

161 1742 230 1782 fol.
246 1742 301 1781 58
321 1741 399 1781 fine
417 1741 530 1782 verbi
547 1742 642 1794 βαλε
661 1741 868 1792 excipitur.
901 1741 985 1781 Fol.
1001 1741 1055 1780 69
1077 1740 1225 1780 desinit
1242 1740 1374 1780 verbis
1393 1753 1453 1792 ep.
1466 1737 1527 1788 ρξ’

183 1819 229 1833 ¹-
250 1797 326 1852 68)
351 1806 541 1841 τοσοῦτον
566 1797 672 1855 ἦμάρ
698 1798 754 1853 (Χ
774 1802 844 1851 68,
858 1796 923 1855 8),
948 1799 1017 1840 sed
1041 1800 1109 1839 fol.
1132 1801 1188 1840 70
1212 1801 1357 1851 incipit
1381 1813 1442 1851 ep.
1462 1796 1528 1853 (ια’

163 1800 229 1915 ἓ-
252 1855 368 1915 103).
409 1860 567 1900 Folium
592 1862 719 1913 igitur
743 1874 867 1900 unum
893 1860 1056 1909 excidit,
1086 1872 1165 1910 qno
1189 1861 1292 1899 teste
1316 1859 1446 1899 Vatic.
1466 1873 1525 1910 gr.

164 1922 251 1961 937
271 1923 432 1971 praeter
449 1920 568 1960 finem
587 1933 647 1971 ep.
660 1921 716 1960 68
736 1919 1047 1960 continebantur
1064 1915 1214 1971 epen‘,
1233 1916 1316 1970 <392
1335 1916 1371 1972 ρ’
1381 1915 1524 1972 (ει-72.

166 1980 234 2021 74.
261 1976 350 2034 93).
393 1979 457 2019 Ab
482 1975 520 2020 α’
544 1992 672 2031 usque
702 1980 753 2020 ad
781 1975 817 2019 λ’
842 1979 939 2018 ordo
970 1980 1235 2030 epistularum
1267 1991 1359 2018 cum
1383 1978 1416 2018 S
1443 1979 1527 2017 fere

163 2040 364 2079 consentit
387 2041 550 2091 excepto
575 2040 686 2090 quod
712 2053 773 2090 ep.
795 2041 862 2079 81.
892 2040 987 2078 101.
1018 2039 1114 2079 103.
1142 2039 1197 2077 64
1230 2037 1280 2077 ab
1310 2038 1385 2077 hac
1409 2040 1526 2089 parte

165 2098 330 2149 absunt,
355 2099 424 2138 sed
446 2102 589 2149 postea
613 2100 744 2139 locum
770 2099 1024 2148 invenerunt,
1050 2111 1109 2148 ep.
1132 2099 1214 2136 491
1244 2110 1338 2137 vero
1364 2098 1528 2138 omnino

165 2157 290 2198 abest.
324 2157 402 2198 Sed
425 2158 518 2197 inde
543 2170 569 2198 a
592 2154 653 2197 λα’
672 2158 769 2198 ordo
795 2158 1058 2209 epistularum
1084 2157 1320 2208 plerumque
1344 2157 1527 2197 diversus

166 2219 236 2257 est.
268 2217 419 2270 Magna
439 2230 534 2268 pars
552 2218 815 2269 epistularum
836 2217 1021 2256 Sinaitici
1040 2216 1201 2256 omnino
1220 2216 1349 2266 deest3
1373 2229 1526 2268 paucae

167 2279 417 2328 comparent,
447 2290 550 2328 quae
579 2277 630 2317 ab
655 2277 727 2316 illo
752 2277 916 2326 absunt,
947 2279 994 2316 ut
1020 2277 1145 2315 1237.
1174 2277 1271 2315 682.
1300 2277 1397 2316 635.
1443 2276 1527 2316 Sub

230 2392 264 2436 ι)
291 2390 387 2427 Bibl.
407 2390 509 2428 Caes.
528 2390 682 2427 Vindob>
706 2401 838 2427 comm.
858 2390 925 2427 lib.
939 2390 990 2426 vl
1014 2402 1049 2436 p.
1064 2393 1132 2426 247
1159 2390 1219 2426 ed.
1238 2389 1399 2427 Vindob.
1422 2393 1525 2426 1⁶⁷4.

226 2439 263 2484 2)
288 2437 344 2475 cr.
361 2440 388 2475 t
403 2438 454 2476 lv
473 2442 541 2475 sos
567 2451 604 2474 n.
619 2442 698 2475 ιη.
