1872 2924
314 224 403 266 240
617 223 980 260 PROLEGOMENA
1011 225 1077 260 AD
1102 225 1361 263 EPISTULAS

310 312 473 350 dianum
506 325 530 351 a
559 311 800 351 bibliotheca
834 312 1056 352 Havniensi
1085 314 1276 353 utendum
1306 314 1450 355 nactus
1473 318 1544 367 est,
1576 317 1666 356 fun-

312 371 541 410 damentum
567 385 658 410 eum
682 384 809 410 novae
831 372 1018 411 editionis
1037 372 1347 413 Amstelaedami
1366 387 1400 414 a.
1417 375 1530 414 1738
1558 376 1664 416 foras

312 431 455 470 missae
485 431 591 469 fecit.
629 430 766 481 Atque
795 432 906 471 totus
937 431 988 470 ab
1015 432 1091 471 hoc
1118 432 1274 482 pendet.
1306 433 1444 484 Neque
1474 435 1579 474 enim
1603 448 1665 474 so-

311 490 395 527 lum
418 491 570 528 textum
599 503 645 528 ex
671 502 716 529 eo
741 490 968 540 constituit,
993 491 1061 531 sed
1086 492 1207 531 etiam
1233 491 1429 542 ordinem,
1454 505 1572 544 quem
1595 493 1664 533 ille

313 548 525 587 secundum
550 551 720 600 tempus,
746 562 824 599 quo
850 549 1110 591 bibliothecas
1135 551 1383 601 visitaverat,
1414 553 1596 602 epistulis
1620 554 1663 592 in

312 608 553 659 apographis
579 609 742 648 dederat
765 609 943 648 retinuit.
980 609 1117 649 Pauca
1141 623 1267 661 eaque
1293 611 1409 661 parvi
1432 612 1555 662 pretii
1572 612 1665 651 sub·

311 667 414 706 sidia
439 667 599 707 aliunde
625 668 806 719 sumpsit.
844 667 1030 708 Codicem
1049 669 1104 708 Vo
1129 670 1312 721 inspexit,
1338 683 1418 709 non
1443 672 1662 721 usurpavit.

311 726 445 765 Pauca
470 727 696 766 emendavit
713 739 842 778 neque
861 728 904 766 in
923 729 984 767 his
1004 728 1086 767 fere
1106 729 1185 767 fuit
1204 729 1308 768 felix.
1344 729 1483 768 Defuit
1502 730 1663 782 linguae

311 798 476 835 graecae
500 781 703 840 peritia1).
741 786 955 838 Complura
978 788 1023 826 in
1041 787 1244 827 Addendis
1270 788 1435 828 editioni
1457 803 1495 839 p.
1516 790 1656 828 860—

313 845 396 883 865
430 845 648 889 subiunctis
679 849 860 898 correxit,
889 847 932 885 in
958 847 1101 897 quibus
1127 848 1249 886 etiam
1274 847 1460 889 editionis
1486 849 1662 888 Benzeli·

311 917 410 943 anae
446 905 642 944 rationem
677 905 820 944 habuit
857 908 898 945 et
932 906 1227 947 observationes
1261 907 1450 946 Dorvillii
1483 908 1663 958 protulit.

311 963 436 1003 Plura
459 965 590 1003 voluit
615 965 812 1015 corrigere
833 964 971 1005 Curis
996 966 1373 1016 posterioribus,
1399 979 1499 1017 quas
1518 968 1666 1017 promi-

311 1024 375 1071 sit,
407 1025 450 1061 at
480 1036 586 1063 mors
617 1025 698 1064 iam
730 1037 833 1064 anno
865 1025 1079 1064 editionem
1111 1027 1292 1075 sequenti
1323 1038 1413 1064 eum
1444 1028 1663 1076 praevenit.

371 1083 468 1122 437.
494 1082 781 1135 Largissimam
804 1084 930 1135 igitur
953 1084 1119 1134 reliquit
1147 1097 1313 1124 messem
1323 1079 1370 1138 ²),
1402 1087 1446 1124 at
1472 1098 1664 1125 messores

310 1143 451 1181 nactus
478 1144 538 1182 est
563 1144 836 1192 paucissimos,
860 1143 982 1183 immo
1008 1156 1102 1183 vero
1126 1157 1261 1193 unum,
1286 1144 1355 1183 sed
1379 1145 1485 1183 hunc
1507 1147 1663 1184 πολλῶν

311 1199 508 1253 ἀντάξιον,
535 1203 793 1242 Reiskium.
831 1203 870 1242 Is
901 1203 991 1254 plus
1017 1203 1137 1243 semel
1163 1203 1368 1254 epistulas,
1397 1206 1444 1242 ut
1469 1216 1494 1242 a
1517 1204 1663 1244 Wolfio

311 1261 477 1300 emissae
509 1264 633 1311 erant,
665 1262 837 1314 perlegit
867 1264 908 1301 et
939 1262 1176 1302 emendavit.
1216 1262 1275 1301 Ac
1305 1264 1478 1313 primum
1505 1263 1664 1312 quidem

309 1320 390 1358 iam
422 1321 670 1371 adulescens,
703 1334 805 1371 quae
835 1322 990 1361 invenit
1019 1322 1083 1361 vel
1114 1322 1311 1362 invenisse
1343 1322 1420 1362 sibi
1451 1323 1559 1362 visus
1591 1324 1664 1371 est,

310 1378 351 1416 in
382 1379 552 1419 formam
582 1383 767 1420 notarum
796 1381 951 1432 redegit
982 1382 1158 1431 quinque
1181 1381 1340 1433 paginis
1365 1381 1664 1432 comprehensa-

309 1452 399 1476 rum
421 1433 486 1492 (==
506 1436 620 1492 Not),
645 1453 745 1491 quas
768 1440 962 1479 Dorvillio
981 1441 1242 1492 publicandas
1260 1440 1472 1481 tradidisse
1492 1440 1662 1479 videtur.

311 1497 523 1547 Reperitur
548 1500 654 1538 enim
678 1500 784 1538 inter
802 1499 956 1539 codices
976 1500 1266 1550 manuscriptos
1288 1499 1567 1548 Dorvillianos,
1593 1501 1663 1549 qui

310 1556 351 1594 in
383 1557 663 1598 bibliothecam
693 1559 956 1598 Bodleianam
986 1561 1242 1608 transierunt,
1273 1559 1394 1598 codex
1425 1559 1472 1598 X.
1494 1559 1525 1598 I.
1546 1560 1585 1599 4.
1607 1561 1660 1598 27

310 1616 524 1667 inscriptus
550 1618 739 1657 Reiskii
763 1618 812 1657 in
831 1618 1098 1658 Libanium.
1135 1618 1440 1658 Adulescentem
1459 1631 1554 1658 sane
1573 1631 1664 1668 pro-

310 1675 423 1724 dunt,
449 1676 518 1715 sed
542 1690 588 1715 ex
607 1690 740 1729 ungue
759 1678 926 1727 leonem,
952 1679 993 1717 et
1017 1678 1140 1729 digna
1159 1679 1274 1716 erant
1292 1690 1397 1728 quae
1414 1677 1662 1727 publncaren-

309 1737 389 1773 tur.
427 1735 531 1774 Nam
558 1737 686 1776 multa
717 1739 810 1776 sunt
841 1737 998 1788 egregie
1024 1737 1246 1776 observata.
1283 1736 1426 1787 Itaque
1452 1737 1662 1787 plerasque

310 1794 451 1833 harum
486 1797 673 1834 notarum
708 1797 751 1835 in
783 1799 985 1846 apparatu
1021 1797 1186 1846 respexi.
1228 1795 1306 1835 Sed
1336 1796 1462 1835 multo
1493 1796 1664 1834 feracior

311 1853 392 1892 fuit
416 1866 536 1904 opera
561 1868 586 1894 a
603 1856 690 1895 viro
715 1856 897 1905 epistulis
921 1857 1115 1905 impensa,
1139 1855 1211 1906 qui
1235 1856 1366 1907 gratia
1388 1857 1510 1894 etiam
1533 1854 1576 1892 in
1601 1854 1662 1895 his

308 1914 486 1962 spirante
504 1914 622 1964 plane
641 1928 682 1955 se
701 1914 930 1954 devinctum
943 1927 1026 1954 esse
1038 1915 1240 1965 professus
1255 1918 1326 1954 est.
1351 1914 1522 1965 Margiui
1536 1927 1663 1953 exem·-

309 1972 433 2021 plaris
459 1973 644 2012 editionis
663 1974 897 2022 Wolfianae,
923 1973 1030 2024 quod
1053 1976 1146 2024 post
1170 1975 1254 2013 eius
1275 1975 1444 2012 mortem
1463 1986 1552 2012 cum
1570 1973 1662 2012 reli-

307 2032 399 2080 quis
424 2032 663 2073 adversariis
681 2033 725 2072 in
744 2033 1025 2072 bibliothecam
1044 2034 1195 2085 regiam
1215 2032 1479 2073 Havniensem
1499 2032 1662 2072 transiit

309 2090 359 2128 ab
379 2103 503 2141 eaque
522 2092 623 2131 mihi
641 2092 833 2131 utendum
852 2094 1017 2132 missum
1037 2095 1109 2141 est,
1127 2091 1346 2142 permultas
1366 2091 1661 2131 emendationes

309 2152 350 2186 et
381 2149 673 2192 observationes
707 2146 1107 2206 (animadversiones)
1140 2151 1352 2201 adscripsit
1383 2163 1484 2200 quas
1514 2150 1660 2190 litteris

371 2259 405 2302 1)
427 2258 670 2294 Ruhnkenius
689 2258 786 2295 Tim.
801 2272 827 2305 p
854 2263 921 2295 137
942 2259 1020 2295 ed.²
1038 2263 1122 2304 (116
1135 2258 1225 2303 ed.⁸)
1244 2269 1330 2294 eum
1348 2257 1537 2293 hominem
1555 2267 1662 2303 grae-

308 2317 375 2341 cae
400 2305 552 2350 linguae
577 2306 817 2342 mediocriter
840 2307 1002 2352 peritum
1027 2305 1245 2343 nominavit.

369 2360 404 2403 2)
431 2358 646 2404 Anonymus
679 2359 746 2404 qui
775 2359 815 2395 in
851 2359 1114 2404 Bibliotheque
1144 2359 1353 2395 Raisonnee
1384 2357 1449 2394 des
1480 2368 1660 2411 ouvrages

310 2406 356 2441 de
389 2416 523 2441 savans
549 2407 596 2441 de
622 2406 798 2452 l'Europe
821 2408 849 2443 t.
870 2410 917 2442 24
943 2409 1065 2453 (1740)
1089 2419 1126 2452 p.
1148 2409 1334 2442 177—227
1363 2415 1559 2441 censuram
1583 2404 1662 2459 edl-

307 2453 424 2489 tionis
449 2455 529 2499 egit
553 2464 675 2499 pauca
702 2454 752 2489 ad
776 2454 1140 2500 interpretationem,
1166 2454 1216 2490 ad
1241 2453 1352 2489 crisin
1372 2452 1468 2488 nihil
1490 2451 1661 2488 contulit.
