<?xml version="1.0" encoding="UTF-8"?>
<!DOCTYPE html PUBLIC "-//W3C//DTD XHTML 1.0 Transitional//EN"
    "http://www.w3.org/TR/xhtml1/DTD/xhtml1-transitional.dtd">
<html xmlns="http://www.w3.org/1999/xhtml" xml:lang="en" lang="en">
 <head>
  <title>
</title>
<meta http-equiv="Content-Type" content="text/html;charset=utf-8" />
  <meta name='ocr-system' content='tesseract 3.04.00' />
  <meta name='ocr-capabilities' content='ocr_page ocr_carea ocr_par ocr_line ocrx_word'/>
</head>
<body>
  <div class='ocr_page' id='page_1' title='image "./operarecensuitri09libauoft_0107.png"; bbox 0 0 1872 2924; ppageno 0'>
   <div class='ocr_carea' id='block_1_1' title="bbox 406 187 1533 235">
    <p class='ocr_par' dir='ltr' id='par_1_1' title="bbox 406 187 1533 235">
     <span class='ocr_line' id='line_1_1' title="bbox 406 187 1533 235; baseline -0.002 -9"><span class='ocrx_word' id='word_1_1' title='bbox 406 193 428 235; x_wconf 65' lang='grc'><strong>9</strong></span> <span class='ocrx_word' id='word_1_2' title='bbox 447 193 480 226; x_wconf 77' lang='lat'><strong>8.</strong></span> <span class='ocrx_word' id='word_1_3' title='bbox 519 187 583 225; x_wconf 73' lang='lat' dir='ltr'><strong>DE</strong></span> <span class='ocrx_word' id='word_1_4' title='bbox 609 187 796 226; x_wconf 80' lang='lat' dir='ltr'><strong>comcls</strong></span> <span class='ocrx_word' id='word_1_5' title='bbox 824 189 893 229; x_wconf 73' lang='lat' dir='ltr'><strong>Mo</strong></span> <span class='ocrx_word' id='word_1_6' title='bbox 918 187 1275 225; x_wconf 76' lang='lat' dir='ltr'>PROPAGINIBUS</span> <span class='ocrx_word' id='word_1_7' title='bbox 1473 189 1533 233; x_wconf 83' lang='lat'><strong>93</strong></span> 
     </span>
    </p>
   </div>
   <div class='ocr_carea' id='block_1_2' title="bbox 164 273 1537 1883">
    <p class='ocr_par' dir='ltr' id='par_1_2' title="bbox 164 273 1534 390">
     <span class='ocr_line' id='line_1_2' title="bbox 164 273 1534 330; baseline -0.002 -9"><span class='ocrx_word' id='word_1_8' title='bbox 164 283 272 327; x_wconf 78' lang='lat' dir='ltr'><strong>sunt.</strong></span> <span class='ocrx_word' id='word_1_9' title='bbox 295 280 446 320; x_wconf 82' lang='lat' dir='ltr'><strong>factum</strong></span> <span class='ocrx_word' id='word_1_10' title='bbox 473 281 546 328; x_wconf 86' lang='lat' dir='ltr'><strong>est,</strong></span> <span class='ocrx_word' id='word_1_11' title='bbox 570 281 617 318; x_wconf 88' lang='lat' dir='ltr'><strong>ut</strong></span> <span class='ocrx_word' id='word_1_12' title='bbox 640 277 823 330; x_wconf 73' lang='lat' dir='ltr'>singulae</span> <span class='ocrx_word' id='word_1_13' title='bbox 847 277 1046 328; x_wconf 77' lang='lat' dir='ltr'>epistulae</span> <span class='ocrx_word' id='word_1_14' title='bbox 1072 273 1204 330; x_wconf 88' lang='lat' dir='ltr'><strong>(velut</strong></span> <span class='ocrx_word' id='word_1_15' title='bbox 1227 279 1309 317; x_wconf 83' lang='lat'><strong>197</strong></span> <span class='ocrx_word' id='word_1_16' title='bbox 1335 278 1375 317; x_wconf 88' lang='lat' dir='ltr'><strong>in</strong></span> <span class='ocrx_word' id='word_1_17' title='bbox 1404 280 1534 330; x_wconf 86' lang='lat' dir='ltr'><strong>prima</strong></span> 
     </span>
     <span class='ocr_line' id='line_1_3' title="bbox 166 334 850 390; baseline -0.006 -10"><span class='ocrx_word' id='word_1_18' title='bbox 166 348 208 380; x_wconf 76' lang='lat' dir='ltr'><strong>et</strong></span> <span class='ocrx_word' id='word_1_19' title='bbox 230 339 353 381; x_wconf 83' lang='lat' dir='ltr'><strong>tertia</strong></span> <span class='ocrx_word' id='word_1_20' title='bbox 375 334 512 390; x_wconf 80' lang='lat' dir='ltr'><strong>parte)</strong></span> <span class='ocrx_word' id='word_1_21' title='bbox 538 337 600 377; x_wconf 90' lang='lat' dir='ltr'><strong>bis</strong></span> <span class='ocrx_word' id='word_1_22' title='bbox 625 340 850 378; x_wconf 83' lang='lat' dir='ltr'><strong>occurrant.</strong></span> 
     </span>
    </p>

    <p class='ocr_par' dir='ltr' id='par_1_3' title="bbox 166 396 1535 1286">
     <span class='ocr_line' id='line_1_4' title="bbox 227 396 1534 450; baseline -0.002 -10"><span class='ocrx_word' id='word_1_23' title='bbox 227 401 285 440; x_wconf 81' lang='lat' dir='ltr'><strong>Ac</strong></span> <span class='ocrx_word' id='word_1_24' title='bbox 309 399 441 450; x_wconf 86' lang='lat' dir='ltr'><strong>prima</strong></span> <span class='ocrx_word' id='word_1_25' title='bbox 465 397 627 449; x_wconf 89' lang='lat' dir='ltr'><strong>quidem</strong></span> <span class='ocrx_word' id='word_1_26' title='bbox 651 398 821 449; x_wconf 85' lang='lat' dir='ltr'><strong>sylloga,</strong></span> <span class='ocrx_word' id='word_1_27' title='bbox 846 396 894 435; x_wconf 91' lang='lat' dir='ltr'><strong>de</strong></span> <span class='ocrx_word' id='word_1_28' title='bbox 921 409 1003 447; x_wconf 85' lang='lat' dir='ltr'><strong>qua</strong></span> <span class='ocrx_word' id='word_1_29' title='bbox 1028 397 1101 436; x_wconf 85' lang='lat' dir='ltr'><strong>hoc</strong></span> <span class='ocrx_word' id='word_1_30' title='bbox 1121 396 1207 436; x_wconf 91' lang='lat' dir='ltr'><strong>loco</strong></span> <span class='ocrx_word' id='word_1_31' title='bbox 1228 397 1450 448; x_wconf 84' lang='lat' dir='ltr'><strong>quaeritur,</strong></span> <span class='ocrx_word' id='word_1_32' title='bbox 1476 398 1534 437; x_wconf 86' lang='lat' dir='ltr'><strong>ita</strong></span> 
     </span>
     <span class='ocr_line' id='line_1_5' title="bbox 167 456 1533 509; baseline 0.001 -13"><span class='ocrx_word' id='word_1_33' title='bbox 167 474 188 496; x_wconf 74' lang='lat' dir='ltr'><strong>c·</strong></span> <span class='ocrx_word' id='word_1_34' title='bbox 214 460 241 500; x_wconf 75' lang='lat' dir='ltr'><strong>d</strong></span> <span class='ocrx_word' id='word_1_35' title='bbox 263 461 452 509; x_wconf 79' lang='lat' dir='ltr'><strong>excerpta</strong></span> <span class='ocrx_word' id='word_1_36' title='bbox 476 459 554 508; x_wconf 89' lang='lat' dir='ltr'><strong>est,</strong></span> <span class='ocrx_word' id='word_1_37' title='bbox 580 460 628 496; x_wconf 88' lang='lat' dir='ltr'><strong>ut</strong></span> <span class='ocrx_word' id='word_1_38' title='bbox 652 456 891 496; x_wconf 85' lang='lat' dir='ltr'><strong>antecedant</strong></span> <span class='ocrx_word' id='word_1_39' title='bbox 916 457 1111 507; x_wconf 79' lang='lat' dir='ltr'><strong>epistulae</strong></span> <span class='ocrx_word' id='word_1_40' title='bbox 1138 459 1348 507; x_wconf 71' lang='lat' dir='ltr'><strong>excerptae</strong></span> <span class='ocrx_word' id='word_1_41' title='bbox 1373 470 1394 496; x_wconf 89' lang='lat' dir='ltr'><strong>e</strong></span> <span class='ocrx_word' id='word_1_42' title='bbox 1420 457 1533 497; x_wconf 89' lang='lat' dir='ltr'><strong>libris</strong></span> 
     </span>
     <span class='ocr_line' id='line_1_6' title="bbox 166 512 1533 572; baseline -0.003 -12"><span class='ocrx_word' id='word_1_43' title='bbox 166 535 204 572; x_wconf 77' lang='lat' dir='ltr'><strong>y.</strong></span> <span class='ocrx_word' id='word_1_44' title='bbox 222 518 261 572; x_wconf 85' lang='grc' dir='ltr'><strong>δ,</strong></span> <span class='ocrx_word' id='word_1_45' title='bbox 278 532 311 571; x_wconf 81' lang='lat' dir='ltr'><strong>s,</strong></span> <span class='ocrx_word' id='word_1_46' title='bbox 331 515 380 568; x_wconf 88' lang='grc' dir='ltr'><strong>ς’,</strong></span> <span class='ocrx_word' id='word_1_47' title='bbox 404 517 620 558; x_wconf 85' lang='lat' dir='ltr'><strong>succedant</strong></span> <span class='ocrx_word' id='word_1_48' title='bbox 645 518 854 568; x_wconf 72' lang='lat' dir='ltr'><strong>excerptae</strong></span> <span class='ocrx_word' id='word_1_49' title='bbox 881 529 901 555; x_wconf 90' lang='lat' dir='ltr'><strong>e</strong></span> <span class='ocrx_word' id='word_1_50' title='bbox 927 515 1042 555; x_wconf 87' lang='lat' dir='ltr'><strong>libris</strong></span> <span class='ocrx_word' id='word_1_51' title='bbox 1067 531 1093 555; x_wconf 84' lang='grc' dir='ltr'><strong>α</strong></span> <span class='ocrx_word' id='word_1_52' title='bbox 1118 518 1159 555; x_wconf 88' lang='lat' dir='ltr'><strong>et</strong></span> <span class='ocrx_word' id='word_1_53' title='bbox 1182 512 1232 568; x_wconf 83' lang='grc' dir='ltr'><strong>β’.</strong></span> <span class='ocrx_word' id='word_1_54' title='bbox 1273 515 1348 556; x_wconf 85' lang='lat' dir='ltr'><strong>Hic</strong></span> <span class='ocrx_word' id='word_1_55' title='bbox 1374 529 1533 568; x_wconf 88' lang='lat' dir='ltr'><strong>quoque</strong></span> 
     </span>
     <span class='ocr_line' id='line_1_7' title="bbox 166 575 1532 628; baseline -0.003 -9"><span class='ocrx_word' id='word_1_56' title='bbox 166 581 318 619; x_wconf 67' lang='lat' dir='ltr'><strong>t&#39;ontem</strong></span> <span class='ocrx_word' id='word_1_57' title='bbox 348 590 489 617; x_wconf 89' lang='lat' dir='ltr'><strong>comm.</strong></span> <span class='ocrx_word' id='word_1_58' title='bbox 510 590 571 628; x_wconf 91' lang='lat' dir='ltr'><strong>ep.</strong></span> <span class='ocrx_word' id='word_1_59' title='bbox 597 578 647 616; x_wconf 91' lang='lat'><strong>11</strong></span> <span class='ocrx_word' id='word_1_60' title='bbox 683 577 788 615; x_wconf 86' lang='lat' dir='ltr'><strong>inter</strong></span> <span class='ocrx_word' id='word_1_61' title='bbox 814 576 898 615; x_wconf 84' lang='lat'><strong>346</strong></span> <span class='ocrx_word' id='word_1_62' title='bbox 925 578 968 615; x_wconf 88' lang='lat' dir='ltr'><strong>et</strong></span> <span class='ocrx_word' id='word_1_63' title='bbox 987 576 1071 614; x_wconf 84' lang='grc'><strong>367</strong></span> <span class='ocrx_word' id='word_1_64' title='bbox 1102 575 1299 615; x_wconf 82' lang='lat' dir='ltr'><strong>collocata</strong></span> <span class='ocrx_word' id='word_1_65' title='bbox 1324 578 1532 617; x_wconf 82' lang='lat' dir='ltr'><strong>monstrat.</strong></span> 
     </span>
     <span class='ocr_line' id='line_1_8' title="bbox 167 635 1531 689; baseline -0.002 -10"><span class='ocrx_word' id='word_1_66' title='bbox 167 638 245 679; x_wconf 71' lang='lat' dir='ltr'><strong>Sed</strong></span> <span class='ocrx_word' id='word_1_67' title='bbox 269 650 399 689; x_wconf 89' lang='lat' dir='ltr'><strong>neque</strong></span> <span class='ocrx_word' id='word_1_68' title='bbox 426 637 486 678; x_wconf 83' lang='lat' dir='ltr'><strong>Va</strong></span> <span class='ocrx_word' id='word_1_69' title='bbox 510 637 642 688; x_wconf 87' lang='lat' dir='ltr'><strong>ipsum</strong></span> <span class='ocrx_word' id='word_1_70' title='bbox 668 649 795 687; x_wconf 88' lang='lat' dir='ltr'><strong>neque</strong></span> <span class='ocrx_word' id='word_1_71' title='bbox 825 636 879 674; x_wconf 84' lang='lat' dir='ltr'><strong>Vo</strong></span> <span class='ocrx_word' id='word_1_72' title='bbox 905 635 1119 686; x_wconf 86' lang='lat' dir='ltr'><strong>exemplari</strong></span> <span class='ocrx_word' id='word_1_73' title='bbox 1147 636 1269 675; x_wconf 84' lang='lat' dir='ltr'><strong>fuisse</strong></span> <span class='ocrx_word' id='word_1_74' title='bbox 1290 636 1421 675; x_wconf 89' lang='lat' dir='ltr'><strong>multa</strong></span> <span class='ocrx_word' id='word_1_75' title='bbox 1442 649 1531 687; x_wconf 88' lang='lat' dir='ltr'><strong>pro-</strong></span> 
     </span>
     <span class='ocr_line' id='line_1_9' title="bbox 167 691 1531 749; baseline -0.001 -11"><span class='ocrx_word' id='word_1_76' title='bbox 167 698 276 747; x_wconf 84' lang='lat' dir='ltr'><strong>bant,</strong></span> <span class='ocrx_word' id='word_1_77' title='bbox 296 711 317 738; x_wconf 93' lang='lat' dir='ltr'><strong>e</strong></span> <span class='ocrx_word' id='word_1_78' title='bbox 338 697 482 748; x_wconf 90' lang='lat' dir='ltr'><strong>quibus</strong></span> <span class='ocrx_word' id='word_1_79' title='bbox 500 708 632 748; x_wconf 88' lang='lat' dir='ltr'><strong>pauca</strong></span> <span class='ocrx_word' id='word_1_80' title='bbox 645 695 860 747; x_wconf 87' lang='lat' dir='ltr'><strong>protulisse</strong></span> <span class='ocrx_word' id='word_1_81' title='bbox 872 696 973 735; x_wconf 80' lang='lat' dir='ltr'><strong>satis</strong></span> <span class='ocrx_word' id='word_1_82' title='bbox 987 695 1073 734; x_wconf 83' lang='lat' dir='ltr'><strong>erit.</strong></span> <span class='ocrx_word' id='word_1_83' title='bbox 1095 694 1156 746; x_wconf 85' lang='lat' dir='ltr'><strong>Ep</strong></span> <span class='ocrx_word' id='word_1_84' title='bbox 1179 697 1261 735; x_wconf 78' lang='lat'><strong>221</strong></span> <span class='ocrx_word' id='word_1_85' title='bbox 1278 691 1334 748; x_wconf 90' lang='grc' dir='ltr'><strong>(Χ</strong></span> <span class='ocrx_word' id='word_1_86' title='bbox 1347 691 1531 749; x_wconf 84' lang='lat'>204,11)</span> 
     </span>
     <span class='ocr_line' id='line_1_10' title="bbox 166 754 1532 810; baseline -0.003 -12"><span class='ocrx_word' id='word_1_87' title='bbox 166 771 238 809; x_wconf 87' lang='lat' dir='ltr'><strong>pro</strong></span> <span class='ocrx_word' id='word_1_88' title='bbox 256 755 385 810; x_wconf 76' lang='grc' dir='ltr'><strong><em>τροφὴ</em></strong></span> <span class='ocrx_word' id='word_1_89' title='bbox 406 754 542 809; x_wconf 78' lang='grc' dir='ltr'><strong><em>ἄκρως</em></strong></span> <span class='ocrx_word' id='word_1_90' title='bbox 560 756 730 795; x_wconf 89' lang='lat' dir='ltr'><strong>lectione</strong></span> <span class='ocrx_word' id='word_1_91' title='bbox 749 758 939 806; x_wconf 85' lang='lat' dir='ltr'><strong>corrupta</strong></span> <span class='ocrx_word' id='word_1_92' title='bbox 957 755 1138 794; x_wconf 89' lang='lat' dir='ltr'><strong>codicum</strong></span> <span class='ocrx_word' id='word_1_93' title='bbox 1167 755 1224 793; x_wconf 87' lang='lat' dir='ltr'><strong>Va</strong></span> <span class='ocrx_word' id='word_1_94' title='bbox 1236 755 1271 793; x_wconf 89' lang='lat' dir='ltr'><strong><em>V</em></strong></span> <span class='ocrx_word' id='word_1_95' title='bbox 1269 767 1291 794; x_wconf 90' lang='grc' dir='ltr'><em>ο</em></span> <span class='ocrx_word' id='word_1_96' title='bbox 1314 758 1420 795; x_wconf 87' lang='lat' dir='ltr'><strong>recte</strong></span> <span class='ocrx_word' id='word_1_97' title='bbox 1441 768 1532 795; x_wconf 88' lang='lat' dir='ltr'><strong>cum</strong></span> 
     </span>
     <span class='ocr_line' id='line_1_11' title="bbox 180 812 1534 869; baseline 0.001 -15"><span class='ocrx_word' id='word_1_98' title='bbox 180 819 190 854; x_wconf 82' lang='lat'>1</span> <span class='ocrx_word' id='word_1_99' title='bbox 197 817 240 858; x_wconf 79' lang='lat' dir='ltr'><strong><em>S</em></strong></span> <span class='ocrx_word' id='word_1_100' title='bbox 254 817 422 869; x_wconf 89' lang='lat' dir='ltr'><strong>praebet</strong></span> <span class='ocrx_word' id='word_1_101' title='bbox 439 818 604 869; x_wconf 79' lang='grc' dir='ltr'><strong><em>τροφεῖα</em></strong></span> <span class='ocrx_word' id='word_1_102' title='bbox 622 821 756 867; x_wconf 76' lang='grc' dir='ltr'><strong>κριοῦς</strong></span> <span class='ocrx_word' id='word_1_103' title='bbox 775 815 873 854; x_wconf 88' lang='lat' dir='ltr'><strong>item</strong></span> <span class='ocrx_word' id='word_1_104' title='bbox 892 828 953 865; x_wconf 93' lang='lat' dir='ltr'><strong>ep.</strong></span> <span class='ocrx_word' id='word_1_105' title='bbox 977 816 1060 854; x_wconf 85' lang='lat'><strong>255</strong></span> <span class='ocrx_word' id='word_1_106' title='bbox 1082 812 1137 867; x_wconf 89' lang='grc' dir='ltr'><strong>(Χ</strong></span> <span class='ocrx_word' id='word_1_107' title='bbox 1159 816 1258 862; x_wconf 73' lang='grc'>244,</span> <span class='ocrx_word' id='word_1_108' title='bbox 1275 816 1347 860; x_wconf 86' lang='grc'>10)</span> <span class='ocrx_word' id='word_1_109' title='bbox 1368 813 1534 855; x_wconf 81' lang='grc' dir='ltr'>ἐποίουν</span> 
     </span>
     <span class='ocr_line' id='line_1_12' title="bbox 167 872 1537 931; baseline -0.003 -14.922"><span class='ocrx_word' id='word_1_110' title='bbox 167 886 208 917; x_wconf 89' lang='lat' dir='ltr'><strong>.t</strong></span> <span class='ocrx_word' id='word_1_111' title='bbox 232 892 284 916; x_wconf 83' lang='grc' dir='ltr'><strong>αν</strong></span> <span class='ocrx_word' id='word_1_112' title='bbox 308 872 380 931; x_wconf 90' lang='lat' dir='ltr'><strong>(ib.</strong></span> <span class='ocrx_word' id='word_1_113' title='bbox 404 878 475 925; x_wconf 90' lang='lat'><strong>11)</strong></span> <span class='ocrx_word' id='word_1_114' title='bbox 502 888 604 926; x_wconf 91' lang='lat' dir='ltr'><strong>quae</strong></span> <span class='ocrx_word' id='word_1_115' title='bbox 631 876 671 914; x_wconf 88' lang='lat' dir='ltr'><strong>in</strong></span> <span class='ocrx_word' id='word_1_116' title='bbox 706 875 831 914; x_wconf 86' lang='lat' dir='ltr'><strong>VaVo</strong></span> <span class='ocrx_word' id='word_1_117' title='bbox 855 876 1004 914; x_wconf 87' lang='lat' dir='ltr'><strong>omissa</strong></span> <span class='ocrx_word' id='word_1_118' title='bbox 1029 877 1141 922; x_wconf 85' lang='lat' dir='ltr'><strong>sunt;</strong></span> <span class='ocrx_word' id='word_1_119' title='bbox 1172 887 1233 924; x_wconf 88' lang='lat' dir='ltr'><strong>ep.</strong></span> <span class='ocrx_word' id='word_1_120' title='bbox 1255 876 1337 914; x_wconf 88' lang='grc'><strong>571</strong></span> <span class='ocrx_word' id='word_1_121' title='bbox 1376 888 1465 914; x_wconf 91' lang='lat' dir='ltr'><strong>cum</strong></span> <span class='ocrx_word' id='word_1_122' title='bbox 1502 875 1537 912; x_wconf 83' lang='lat'>1</span> 
     </span>
     <span class='ocr_line' id='line_1_13' title="bbox 167 932 1531 989; baseline -0.004 -12"><span class='ocrx_word' id='word_1_123' title='bbox 167 935 295 989; x_wconf 72' lang='grc' dir='ltr'>ὄνομα</span> <span class='ocrx_word' id='word_1_124' title='bbox 327 936 435 987; x_wconf 90' lang='lat' dir='ltr'><strong>qnod</strong></span> <span class='ocrx_word' id='word_1_125' title='bbox 465 937 507 975; x_wconf 90' lang='lat' dir='ltr'><strong>in</strong></span> <span class='ocrx_word' id='word_1_126' title='bbox 541 935 622 974; x_wconf 86' lang='lat' dir='ltr'><strong>illis</strong></span> <span class='ocrx_word' id='word_1_127' title='bbox 647 936 687 973; x_wconf 89' lang='lat' dir='ltr'><strong>in</strong></span> <span class='ocrx_word' id='word_1_128' title='bbox 713 932 763 974; x_wconf 79' lang='grc' dir='ltr'><strong>ὃν</strong></span> <span class='ocrx_word' id='word_1_129' title='bbox 787 937 1020 984; x_wconf 86' lang='lat' dir='ltr'><strong>corruptum</strong></span> <span class='ocrx_word' id='word_1_130' title='bbox 1047 936 1118 972; x_wconf 88' lang='lat' dir='ltr'><strong>est.</strong></span> <span class='ocrx_word' id='word_1_131' title='bbox 1158 933 1236 972; x_wconf 85' lang='lat' dir='ltr'><strong>Sed</strong></span> <span class='ocrx_word' id='word_1_132' title='bbox 1260 937 1308 972; x_wconf 89' lang='lat' dir='ltr'><strong>ut</strong></span> <span class='ocrx_word' id='word_1_133' title='bbox 1333 948 1393 984; x_wconf 89' lang='lat' dir='ltr'><strong>ep.</strong></span> <span class='ocrx_word' id='word_1_134' title='bbox 1418 936 1531 975; x_wconf 85' lang='lat'>1045</span> 
     </span>
     <span class='ocr_line' id='line_1_14' title="bbox 167 991 1534 1049; baseline -0.003 -13"><span class='ocrx_word' id='word_1_135' title='bbox 167 994 244 1043; x_wconf 84' lang='lat' dir='ltr'><strong>(XI</strong></span> <span class='ocrx_word' id='word_1_136' title='bbox 266 997 364 1046; x_wconf 88' lang='grc'><strong>169,</strong></span> <span class='ocrx_word' id='word_1_137' title='bbox 382 991 455 1049; x_wconf 93' lang='grc'>16)</span> <span class='ocrx_word' id='word_1_138' title='bbox 482 996 667 1035; x_wconf 84' lang='lat' dir='ltr'><strong>lacunam</strong></span> <span class='ocrx_word' id='word_1_139' title='bbox 692 995 735 1033; x_wconf 93' lang='lat' dir='ltr'><strong>in</strong></span> <span class='ocrx_word' id='word_1_140' title='bbox 761 994 979 1046; x_wconf 75' lang='lat' dir='ltr'><strong>archetypo</strong></span> <span class='ocrx_word' id='word_1_141' title='bbox 1000 994 1183 1033; x_wconf 88' lang='lat' dir='ltr'><strong>relictam</strong></span> <span class='ocrx_word' id='word_1_142' title='bbox 1204 1006 1277 1033; x_wconf 88' lang='lat' dir='ltr'><strong>suo</strong></span> <span class='ocrx_word' id='word_1_143' title='bbox 1299 994 1428 1032; x_wconf 81' lang='lat' dir='ltr'><strong>Marte</strong></span> <span class='ocrx_word' id='word_1_144' title='bbox 1450 1008 1534 1034; x_wconf 87' lang='lat' dir='ltr'><strong>ver-</strong></span> 
     </span>
     <span class='ocr_line' id='line_1_15' title="bbox 169 1054 1535 1106; baseline -0.003 -10"><span class='ocrx_word' id='word_1_145' title='bbox 169 1058 228 1096; x_wconf 88' lang='lat' dir='ltr'><strong>bis</strong></span> <span class='ocrx_word' id='word_1_146' title='bbox 253 1054 416 1096; x_wconf 81' lang='grc' dir='ltr'>ἀκούειν</span> <span class='ocrx_word' id='word_1_147' title='bbox 440 1054 518 1095; x_wconf 77' lang='grc' dir='ltr'><strong>ἐῶν</strong></span> <span class='ocrx_word' id='word_1_148' title='bbox 542 1055 732 1106; x_wconf 85' lang='lat' dir='ltr'><strong>explevit,</strong></span> <span class='ocrx_word' id='word_1_149' title='bbox 756 1056 817 1093; x_wconf 89' lang='lat' dir='ltr'><strong>ita</strong></span> <span class='ocrx_word' id='word_1_150' title='bbox 841 1054 1016 1105; x_wconf 88' lang='lat' dir='ltr'><strong>plurima</strong></span> <span class='ocrx_word' id='word_1_151' title='bbox 1035 1055 1132 1092; x_wconf 88' lang='lat' dir='ltr'><strong>sunt</strong></span> <span class='ocrx_word' id='word_1_152' title='bbox 1150 1054 1392 1092; x_wconf 80' lang='lat' dir='ltr'><strong>temeritatis</strong></span> <span class='ocrx_word' id='word_1_153' title='bbox 1411 1054 1535 1104; x_wconf 88' lang='lat' dir='ltr'><strong>speci·</strong></span> 
     </span>
     <span class='ocr_line' id='line_1_16' title="bbox 168 1113 1535 1165; baseline -0.002 -10"><span class='ocrx_word' id='word_1_154' title='bbox 168 1117 288 1156; x_wconf 83' lang='lat' dir='ltr'><strong>mina.</strong></span> <span class='ocrx_word' id='word_1_155' title='bbox 327 1115 428 1154; x_wconf 88' lang='lat' dir='ltr'><strong>Cum</strong></span> <span class='ocrx_word' id='word_1_156' title='bbox 455 1114 648 1154; x_wconf 80' lang='lat' dir='ltr'><strong>accedant</strong></span> <span class='ocrx_word' id='word_1_157' title='bbox 672 1113 778 1153; x_wconf 87' lang='lat' dir='ltr'><strong>haud</strong></span> <span class='ocrx_word' id='word_1_158' title='bbox 804 1126 934 1164; x_wconf 89' lang='lat' dir='ltr'><strong>pauca</strong></span> <span class='ocrx_word' id='word_1_159' title='bbox 959 1113 1237 1165; x_wconf 79' lang='lat' dir='ltr'><strong>neglegentiae</strong></span> <span class='ocrx_word' id='word_1_160' title='bbox 1256 1116 1434 1163; x_wconf 89' lang='lat' dir='ltr'><strong>peccata,</strong></span> <span class='ocrx_word' id='word_1_161' title='bbox 1459 1114 1535 1153; x_wconf 86' lang='lat' dir='ltr'><strong>lec-</strong></span> 
     </span>
     <span class='ocr_line' id='line_1_17' title="bbox 169 1173 1534 1224; baseline -0.002 -9"><span class='ocrx_word' id='word_1_162' title='bbox 169 1178 295 1215; x_wconf 79' lang='lat' dir='ltr'><strong>tiones</strong></span> <span class='ocrx_word' id='word_1_163' title='bbox 321 1177 408 1215; x_wconf 90' lang='lat' dir='ltr'><strong>eius</strong></span> <span class='ocrx_word' id='word_1_164' title='bbox 434 1188 514 1214; x_wconf 90' lang='lat' dir='ltr'><strong>non</strong></span> <span class='ocrx_word' id='word_1_165' title='bbox 540 1173 701 1224; x_wconf 89' lang='lat' dir='ltr'><strong>ubique,</strong></span> <span class='ocrx_word' id='word_1_166' title='bbox 726 1173 795 1213; x_wconf 87' lang='lat' dir='ltr'><strong>sed</strong></span> <span class='ocrx_word' id='word_1_167' title='bbox 820 1173 878 1213; x_wconf 92' lang='lat' dir='ltr'><strong>ibi</strong></span> <span class='ocrx_word' id='word_1_168' title='bbox 903 1176 1077 1222; x_wconf 90' lang='lat' dir='ltr'><strong>tantum,</strong></span> <span class='ocrx_word' id='word_1_169' title='bbox 1102 1173 1172 1212; x_wconf 89' lang='lat' dir='ltr'><strong>ubi</strong></span> <span class='ocrx_word' id='word_1_170' title='bbox 1205 1173 1264 1211; x_wconf 77' lang='lat' dir='ltr'><strong>Va</strong></span> <span class='ocrx_word' id='word_1_171' title='bbox 1290 1175 1331 1212; x_wconf 87' lang='lat' dir='ltr'><strong>et</strong></span> <span class='ocrx_word' id='word_1_172' title='bbox 1360 1173 1416 1212; x_wconf 85' lang='lat' dir='ltr'><strong>Vo</strong></span> <span class='ocrx_word' id='word_1_173' title='bbox 1441 1173 1534 1212; x_wconf 83' lang='lat' dir='ltr'><strong>defi-</strong></span> 
     </span>
     <span class='ocr_line' id='line_1_18' title="bbox 167 1232 1535 1286; baseline -0.003 -11"><span class='ocrx_word' id='word_1_174' title='bbox 167 1237 279 1275; x_wconf 85' lang='lat' dir='ltr'><strong>ciunt</strong></span> <span class='ocrx_word' id='word_1_175' title='bbox 297 1235 359 1274; x_wconf 88' lang='lat' dir='ltr'><strong>vel</strong></span> <span class='ocrx_word' id='word_1_176' title='bbox 380 1235 578 1286; x_wconf 83' lang='lat' dir='ltr'><strong>singulari</strong></span> <span class='ocrx_word' id='word_1_177' title='bbox 599 1234 714 1274; x_wconf 89' lang='lat' dir='ltr'><strong>modo</strong></span> <span class='ocrx_word' id='word_1_178' title='bbox 733 1234 840 1272; x_wconf 85' lang='lat' dir='ltr'><strong>inter</strong></span> <span class='ocrx_word' id='word_1_179' title='bbox 852 1245 894 1272; x_wconf 89' lang='lat' dir='ltr'><strong>se</strong></span> <span class='ocrx_word' id='word_1_180' title='bbox 908 1233 1108 1282; x_wconf 87' lang='lat' dir='ltr'><strong>differunt,</strong></span> <span class='ocrx_word' id='word_1_181' title='bbox 1127 1233 1305 1283; x_wconf 81' lang='lat' dir='ltr'><strong>proferre</strong></span> <span class='ocrx_word' id='word_1_182' title='bbox 1319 1232 1449 1272; x_wconf 87' lang='lat' dir='ltr'><strong>visum</strong></span> <span class='ocrx_word' id='word_1_183' title='bbox 1463 1236 1535 1272; x_wconf 88' lang='lat' dir='ltr'><strong>est.</strong></span> 
     </span>
    </p>

    <p class='ocr_par' dir='ltr' id='par_1_4' title="bbox 165 1292 1535 1704">
     <span class='ocr_line' id='line_1_19' title="bbox 230 1292 1535 1344; baseline -0.002 -10"><span class='ocrx_word' id='word_1_184' title='bbox 230 1294 428 1334; x_wconf 76' lang='lat' dir='ltr'><strong>Notitiam</strong></span> <span class='ocrx_word' id='word_1_185' title='bbox 454 1294 560 1338; x_wconf 79' lang='lat' dir='ltr'><strong>eius,</strong></span> <span class='ocrx_word' id='word_1_186' title='bbox 586 1306 665 1332; x_wconf 90' lang='lat' dir='ltr'><strong>non</strong></span> <span class='ocrx_word' id='word_1_187' title='bbox 691 1293 951 1332; x_wconf 88' lang='lat' dir='ltr'><strong>collationem</strong></span> <span class='ocrx_word' id='word_1_188' title='bbox 976 1292 1121 1331; x_wconf 88' lang='lat' dir='ltr'><strong>habuit</strong></span> <span class='ocrx_word' id='word_1_189' title='bbox 1146 1292 1437 1344; x_wconf 85' lang='lat' dir='ltr'><strong>Rostgaardus‚</strong></span> <span class='ocrx_word' id='word_1_190' title='bbox 1464 1295 1535 1343; x_wconf 90' lang='lat' dir='ltr'><strong>qui</strong></span> 
     </span>
     <span class='ocr_line' id='line_1_20' title="bbox 170 1351 1534 1403; baseline -0.003 -9"><span class='ocrx_word' id='word_1_191' title='bbox 170 1355 269 1394; x_wconf 81' lang='lat' dir='ltr'><strong>nihil</strong></span> <span class='ocrx_word' id='word_1_192' title='bbox 294 1356 374 1394; x_wconf 89' lang='lat' dir='ltr'><strong>nisi</strong></span> <span class='ocrx_word' id='word_1_193' title='bbox 397 1354 495 1393; x_wconf 86' lang='lat' dir='ltr'><strong>haec</strong></span> <span class='ocrx_word' id='word_1_194' title='bbox 521 1353 644 1393; x_wconf 79' lang='lat' dir='ltr'><strong>verba</strong></span> <span class='ocrx_word' id='word_1_195' title='bbox 662 1353 828 1403; x_wconf 86' lang='lat' dir='ltr'><strong>praebet</strong></span> <span class='ocrx_word' id='word_1_196' title='bbox 846 1352 889 1391; x_wconf 89' lang='lat' dir='ltr'><strong>in</strong></span> <span class='ocrx_word' id='word_1_197' title='bbox 908 1353 1139 1403; x_wconf 88' lang='lat' dir='ltr'><strong>Apparatu:</strong></span> <span class='ocrx_word' id='word_1_198' title='bbox 1168 1351 1260 1391; x_wconf 81' lang='lat' dir='ltr'><strong>Cod.</strong></span> <span class='ocrx_word' id='word_1_199' title='bbox 1282 1352 1331 1390; x_wconf 92' lang='lat' dir='ltr'><strong>R.</strong></span> <span class='ocrx_word' id='word_1_200' title='bbox 1353 1353 1488 1391; x_wconf 83' lang='lat' dir='ltr'><strong>Marci</strong></span> <span class='ocrx_word' id='word_1_201' title='bbox 1509 1355 1534 1390; x_wconf 78' lang='lat'>4</span> 
     </span>
     <span class='ocr_line' id='line_1_21' title="bbox 170 1412 1533 1460; baseline -0.003 -6"><span class='ocrx_word' id='word_1_202' title='bbox 170 1415 280 1454; x_wconf 85' lang='lat' dir='ltr'><strong>Arm.</strong></span> <span class='ocrx_word' id='word_1_203' title='bbox 300 1416 330 1454; x_wconf 78' lang='lat'><em>2</em></span> <span class='ocrx_word' id='word_1_204' title='bbox 355 1416 410 1453; x_wconf 77' lang='lat' dir='ltr'><strong>est</strong></span> <span class='ocrx_word' id='word_1_205' title='bbox 433 1415 477 1453; x_wconf 77' lang='lat' dir='ltr'><strong>in</strong></span> <span class='ocrx_word' id='word_1_206' title='bbox 500 1413 730 1452; x_wconf 77' lang='lat' dir='ltr'><strong>membrana</strong></span> <span class='ocrx_word' id='word_1_207' title='bbox 753 1413 797 1452; x_wconf 79' lang='lat' dir='ltr'><strong>in</strong></span> <span class='ocrx_word' id='word_1_208' title='bbox 823 1414 880 1451; x_wconf 82' lang='lat'><strong>4⁰.</strong></span> <span class='ocrx_word' id='word_1_209' title='bbox 907 1414 1073 1451; x_wconf 66' lang='lat' dir='ltr'><strong>continet</strong></span> <span class='ocrx_word' id='word_1_210' title='bbox 1097 1412 1279 1460; x_wconf 70' lang='lat' dir='ltr'><strong>epistolas</strong></span> <span class='ocrx_word' id='word_1_211' title='bbox 1303 1426 1387 1451; x_wconf 84' lang='grc' dir='ltr'><strong>υπα</strong></span> <span class='ocrx_word' id='word_1_212' title='bbox 1410 1423 1533 1450; x_wconf 80' lang='lat' dir='ltr'><strong>manu</strong></span> 
     </span>
     <span class='ocr_line' id='line_1_22' title="bbox 165 1471 1535 1523; baseline -0.002 -10"><span class='ocrx_word' id='word_1_213' title='bbox 165 1477 360 1514; x_wconf 66' lang='grc' dir='ltr'><strong>(νεα-πίον.</strong></span> <span class='ocrx_word' id='word_1_214' title='bbox 381 1485 519 1513; x_wconf 81' lang='lat' dir='ltr'><strong>annor.</strong></span> <span class='ocrx_word' id='word_1_215' title='bbox 540 1476 737 1514; x_wconf 70' lang='lat' dir='ltr'><strong>exaratus.</strong></span> <span class='ocrx_word' id='word_1_216' title='bbox 762 1474 805 1511; x_wconf 81' lang='lat' dir='ltr'><strong>in</strong></span> <span class='ocrx_word' id='word_1_217' title='bbox 823 1474 936 1512; x_wconf 79' lang='lat' dir='ltr'><strong>initio</strong></span> <span class='ocrx_word' id='word_1_218' title='bbox 955 1473 1096 1521; x_wconf 73' lang='lat' dir='ltr'><strong>leqitur</strong></span> <span class='ocrx_word' id='word_1_219' title='bbox 1113 1476 1243 1523; x_wconf 80' lang='grc' dir='ltr'><strong><em>κτῆμα</em></strong></span> <span class='ocrx_word' id='word_1_220' title='bbox 1260 1471 1535 1522; x_wconf 81' lang='grc' dir='ltr'><strong><em>βησσαριῶνος</em></strong></span> 
     </span>
     <span class='ocr_line' id='line_1_23' title="bbox 168 1530 1533 1586; baseline -0.003 -13"><span class='ocrx_word' id='word_1_221' title='bbox 168 1531 433 1586; x_wconf 78' lang='grc' dir='ltr'><strong>καρδιναλέως</strong></span> <span class='ocrx_word' id='word_1_222' title='bbox 463 1547 535 1573; x_wconf 83' lang='grc' dir='ltr'><strong>του</strong></span> <span class='ocrx_word' id='word_1_223' title='bbox 567 1547 646 1572; x_wconf 80' lang='grc' dir='ltr'><strong>των</strong></span> <span class='ocrx_word' id='word_1_224' title='bbox 676 1534 889 1572; x_wconf 74' lang='grc' dir='ltr'><strong>τουσκλων.</strong></span> <span class='ocrx_word' id='word_1_225' title='bbox 929 1530 1080 1577; x_wconf 82' lang='lat' dir='ltr'><strong>Quibus</strong></span> <span class='ocrx_word' id='word_1_226' title='bbox 1107 1530 1275 1570; x_wconf 86' lang='lat' dir='ltr'><strong>wolfius</strong></span> <span class='ocrx_word' id='word_1_227' title='bbox 1309 1531 1350 1569; x_wconf 89' lang='lat' dir='ltr'><strong>in</strong></span> <span class='ocrx_word' id='word_1_228' title='bbox 1376 1531 1533 1581; x_wconf 85' lang='lat' dir='ltr'><strong>praefa-</strong></span> 
     </span>
     <span class='ocr_line' id='line_1_24' title="bbox 167 1591 1533 1640; baseline -0.001 -10"><span class='ocrx_word' id='word_1_229' title='bbox 167 1594 275 1633; x_wconf 64' lang='lat' dir='ltr'><strong>tione</strong></span> <span class='ocrx_word' id='word_1_230' title='bbox 301 1594 488 1633; x_wconf 83' lang='lat' dir='ltr'><strong>editionis</strong></span> <span class='ocrx_word' id='word_1_231' title='bbox 507 1605 604 1633; x_wconf 90' lang='lat' dir='ltr'><strong>usus</strong></span> <span class='ocrx_word' id='word_1_232' title='bbox 624 1594 685 1631; x_wconf 88' lang='lat' dir='ltr'><strong>est</strong></span> <span class='ocrx_word' id='word_1_233' title='bbox 702 1591 880 1631; x_wconf 85' lang='lat' dir='ltr'><strong>codicem</strong></span> <span class='ocrx_word' id='word_1_234' title='bbox 898 1591 1196 1631; x_wconf 84' lang='lat' dir='ltr'><strong>Marcianum</strong></span> <span class='ocrx_word' id='word_1_235' title='bbox 1217 1591 1439 1640; x_wconf 88' lang='lat' dir='ltr'><strong>quintum</strong></span> <span class='ocrx_word' id='word_1_236' title='bbox 1465 1603 1533 1640; x_wconf 85' lang='lat' dir='ltr'><strong>ap·</strong></span> 
     </span>
     <span class='ocr_line' id='line_1_25' title="bbox 169 1650 1131 1704; baseline -0.006 -11"><span class='ocrx_word' id='word_1_237' title='bbox 169 1653 333 1704; x_wconf 87' lang='lat' dir='ltr'><strong>pellans.</strong></span> <span class='ocrx_word' id='word_1_238' title='bbox 374 1653 459 1704; x_wconf 76' lang='lat' dir='ltr'><strong>Ego</strong></span> <span class='ocrx_word' id='word_1_239' title='bbox 484 1664 519 1691; x_wconf 87' lang='lat' dir='ltr'><strong>a.</strong></span> <span class='ocrx_word' id='word_1_240' title='bbox 542 1653 656 1691; x_wconf 84' lang='lat'>1869</span> <span class='ocrx_word' id='word_1_241' title='bbox 683 1654 725 1691; x_wconf 91' lang='lat' dir='ltr'><strong>et</strong></span> <span class='ocrx_word' id='word_1_242' title='bbox 753 1652 868 1690; x_wconf 85' lang='grc'>1870</span> <span class='ocrx_word' id='word_1_243' title='bbox 894 1650 1131 1690; x_wconf 83' lang='lat' dir='ltr'><strong>examinavi.</strong></span> 
     </span>
    </p>

    <p class='ocr_par' dir='ltr' id='par_1_5' title="bbox 167 1709 1534 1883">
     <span class='ocr_line' id='line_1_26' title="bbox 228 1709 1534 1763; baseline -0.002 -12"><span class='ocrx_word' id='word_1_244' title='bbox 228 1712 304 1752; x_wconf 86' lang='lat' dir='ltr'><strong>Hic</strong></span> <span class='ocrx_word' id='word_1_245' title='bbox 331 1725 491 1763; x_wconf 91' lang='lat' dir='ltr'><strong>quoque</strong></span> <span class='ocrx_word' id='word_1_246' title='bbox 523 1711 645 1752; x_wconf 86' lang='lat' dir='ltr'><strong>codex</strong></span> <span class='ocrx_word' id='word_1_247' title='bbox 676 1712 718 1750; x_wconf 90' lang='lat' dir='ltr'><strong>in</strong></span> <span class='ocrx_word' id='word_1_248' title='bbox 750 1711 990 1762; x_wconf 84' lang='lat' dir='ltr'><strong>posteriores</strong></span> <span class='ocrx_word' id='word_1_249' title='bbox 1023 1709 1221 1762; x_wconf 83' lang='lat' dir='ltr'><strong>singulari</strong></span> <span class='ocrx_word' id='word_1_250' title='bbox 1248 1710 1289 1748; x_wconf 90' lang='lat' dir='ltr'><strong>vi</strong></span> <span class='ocrx_word' id='word_1_251' title='bbox 1314 1710 1403 1748; x_wconf 82' lang='lat' dir='ltr'><strong>fuit.</strong></span> <span class='ocrx_word' id='word_1_252' title='bbox 1441 1709 1534 1748; x_wconf 87' lang='lat' dir='ltr'><strong>Plus</strong></span> 
     </span>
     <span class='ocr_line' id='line_1_27' title="bbox 167 1768 1533 1822; baseline -0.004 -11"><span class='ocrx_word' id='word_1_253' title='bbox 167 1772 289 1811; x_wconf 85' lang='lat' dir='ltr'><strong>semel</strong></span> <span class='ocrx_word' id='word_1_254' title='bbox 314 1771 538 1822; x_wconf 87' lang='lat' dir='ltr'><strong>descriptus</strong></span> <span class='ocrx_word' id='word_1_255' title='bbox 565 1773 636 1811; x_wconf 84' lang='lat' dir='ltr'><strong>est.</strong></span> <span class='ocrx_word' id='word_1_256' title='bbox 674 1770 965 1822; x_wconf 83' lang='lat' dir='ltr'><strong>Apographum</strong></span> <span class='ocrx_word' id='word_1_257' title='bbox 991 1771 1076 1808; x_wconf 89' lang='lat' dir='ltr'><strong>eius</strong></span> <span class='ocrx_word' id='word_1_258' title='bbox 1101 1769 1262 1820; x_wconf 89' lang='lat' dir='ltr'><strong>plenum</strong></span> <span class='ocrx_word' id='word_1_259' title='bbox 1289 1781 1335 1808; x_wconf 90' lang='lat' dir='ltr'><strong>ac</strong></span> <span class='ocrx_word' id='word_1_260' title='bbox 1362 1768 1533 1807; x_wconf 87' lang='lat' dir='ltr'><strong>nitidum</strong></span> 
     </span>
     <span class='ocr_line' id='line_1_28' title="bbox 167 1831 333 1883; baseline -0.012 -11"><span class='ocrx_word' id='word_1_261' title='bbox 167 1831 333 1883; x_wconf 83' lang='lat' dir='ltr'><strong>praebet</strong></span> 
     </span>
    </p>
   </div>
   <div class='ocr_carea' id='block_1_3' title="bbox 229 1899 1606 1943">
    <p class='ocr_par' dir='ltr' id='par_1_6' title="bbox 229 1899 1606 1943">
     <span class='ocr_line' id='line_1_29' title="bbox 229 1899 1606 1943; baseline -0.004 0"><span class='ocrx_word' id='word_1_262' title='bbox 229 1905 298 1943; x_wconf 89' lang='lat'><strong>50.</strong></span> <span class='ocrx_word' id='word_1_263' title='bbox 317 1903 586 1942; x_wconf 85' lang='lat' dir='ltr'><strong>Patavinus</strong></span> <span class='ocrx_word' id='word_1_264' title='bbox 606 1901 871 1941; x_wconf 87' lang='lat' dir='ltr'><strong>bibliothecae</strong></span> <span class='ocrx_word' id='word_1_265' title='bbox 890 1901 1142 1941; x_wconf 89' lang='lat' dir='ltr'><strong>seminarii</strong></span> <span class='ocrx_word' id='word_1_266' title='bbox 1156 1899 1378 1939; x_wconf 89' lang='lat' dir='ltr'>CXXXVII</span> <span class='ocrx_word' id='word_1_267' title='bbox 1397 1899 1521 1938; x_wconf 85' lang='lat' dir='ltr'><strong>chart.</strong></span> <span class='ocrx_word' id='word_1_268' title='bbox 1538 1907 1606 1938; x_wconf 73' lang='lat'><strong>49¹.)</strong></span> 
     </span>
    </p>
   </div>
   <div class='ocr_carea' id='block_1_4' title="bbox 169 1959 1535 2190">
    <p class='ocr_par' dir='ltr' id='par_1_7' title="bbox 171 1959 1534 2012">
     <span class='ocr_line' id='line_1_30' title="bbox 171 1959 1534 2012; baseline -0.002 -11"><span class='ocrx_word' id='word_1_269' title='bbox 171 1966 319 2001; x_wconf 73' lang='lat' dir='ltr'><strong>formae</strong></span> <span class='ocrx_word' id='word_1_270' title='bbox 339 1965 471 2012; x_wconf 84' lang='lat' dir='ltr'><strong>quart.</strong></span> <span class='ocrx_word' id='word_1_271' title='bbox 486 1975 536 2002; x_wconf 87' lang='lat' dir='ltr'><strong>sc.</strong></span> <span class='ocrx_word' id='word_1_272' title='bbox 557 1962 649 2000; x_wconf 92' lang='lat' dir='ltr'><strong>XVI</strong></span> <span class='ocrx_word' id='word_1_273' title='bbox 675 1961 770 2001; x_wconf 89' lang='lat' dir='ltr'><strong>olim</strong></span> <span class='ocrx_word' id='word_1_274' title='bbox 796 1963 899 2000; x_wconf 88' lang='lat' dir='ltr'><strong>teste</strong></span> <span class='ocrx_word' id='word_1_275' title='bbox 923 1961 1183 2010; x_wconf 82' lang='lat' dir='ltr'><strong>inscriptione</strong></span> <span class='ocrx_word' id='word_1_276' title='bbox 1210 1960 1277 1998; x_wconf 89' lang='lat' dir='ltr'><strong>fol.</strong></span> <span class='ocrx_word' id='word_1_277' title='bbox 1292 1962 1312 1998; x_wconf 92' lang='lat'>1</span> <span class='ocrx_word' id='word_1_278' title='bbox 1336 1959 1534 1998; x_wconf 88' lang='lat' dir='ltr'><strong>Ioannis</strong></span> 
     </span>
    </p>

    <p class='ocr_par' dir='ltr' id='par_1_8' title="bbox 170 2018 1535 2074">
     <span class='ocr_line' id='line_1_31' title="bbox 170 2018 1535 2074; baseline -0.003 -13"><span class='ocrx_word' id='word_1_279' title='bbox 170 2022 346 2074; x_wconf 83' lang='lat' dir='ltr'><strong>Angeli</strong></span> <span class='ocrx_word' id='word_1_280' title='bbox 372 2022 650 2074; x_wconf 82' lang='lat' dir='ltr'><strong>Augustani</strong></span> <span class='ocrx_word' id='word_1_281' title='bbox 681 2021 739 2060; x_wconf 88' lang='lat' dir='ltr'><strong>de</strong></span> <span class='ocrx_word' id='word_1_282' title='bbox 765 2020 965 2060; x_wconf 90' lang='lat' dir='ltr'><strong>Robino.</strong></span> <span class='ocrx_word' id='word_1_283' title='bbox 1005 2019 1167 2058; x_wconf 86' lang='lat' dir='ltr'><strong>Titulus</strong></span> <span class='ocrx_word' id='word_1_284' title='bbox 1201 2019 1321 2058; x_wconf 84' lang='lat' dir='ltr'><strong>deest.</strong></span> <span class='ocrx_word' id='word_1_285' title='bbox 1361 2018 1535 2057; x_wconf 77' lang='lat' dir='ltr'><strong>Nomina</strong></span> 
     </span>
    </p>

    <p class='ocr_par' dir='ltr' id='par_1_9' title="bbox 169 2078 1533 2190">
     <span class='ocr_line' id='line_1_32' title="bbox 169 2078 1533 2132; baseline -0.004 -11"><span class='ocrx_word' id='word_1_286' title='bbox 169 2094 305 2121; x_wconf 85' lang='lat' dir='ltr'><strong>eorum</strong></span> <span class='ocrx_word' id='word_1_287' title='bbox 332 2081 381 2120; x_wconf 86' lang='lat' dir='ltr'><strong>ad</strong></span> <span class='ocrx_word' id='word_1_288' title='bbox 408 2094 507 2132; x_wconf 89' lang='lat' dir='ltr'><strong>quos</strong></span> <span class='ocrx_word' id='word_1_289' title='bbox 533 2081 730 2132; x_wconf 86' lang='lat' dir='ltr'><strong>epistulae</strong></span> <span class='ocrx_word' id='word_1_290' title='bbox 756 2079 874 2118; x_wconf 89' lang='lat' dir='ltr'><strong>datae</strong></span> <span class='ocrx_word' id='word_1_291' title='bbox 894 2082 989 2119; x_wconf 90' lang='lat' dir='ltr'><strong>sunt</strong></span> <span class='ocrx_word' id='word_1_292' title='bbox 1009 2079 1212 2118; x_wconf 89' lang='lat' dir='ltr'><strong>rubricata</strong></span> <span class='ocrx_word' id='word_1_293' title='bbox 1232 2081 1337 2120; x_wconf 87' lang='lat' dir='ltr'><strong>sunt.</strong></span> <span class='ocrx_word' id='word_1_294' title='bbox 1364 2078 1533 2128; x_wconf 85' lang='lat' dir='ltr'><strong>Inspexi.</strong></span> 
     </span>
     <span class='ocr_line' id='line_1_33' title="bbox 229 2138 1087 2190; baseline -0.005 -10"><span class='ocrx_word' id='word_1_295' title='bbox 229 2141 330 2180; x_wconf 84' lang='lat' dir='ltr'><strong>Item</strong></span> <span class='ocrx_word' id='word_1_296' title='bbox 358 2154 377 2179; x_wconf 91' lang='lat' dir='ltr'><strong>e</strong></span> <span class='ocrx_word' id='word_1_297' title='bbox 404 2141 608 2180; x_wconf 85' lang='lat' dir='ltr'><strong>Marciano</strong></span> <span class='ocrx_word' id='word_1_298' title='bbox 633 2140 855 2190; x_wconf 87' lang='lat' dir='ltr'><strong>descriptus</strong></span> <span class='ocrx_word' id='word_1_299' title='bbox 882 2142 942 2178; x_wconf 88' lang='lat' dir='ltr'><strong>est</strong></span> <span class='ocrx_word' id='word_1_300' title='bbox 968 2138 1087 2177; x_wconf 91' lang='lat' dir='ltr'><strong>codex</strong></span> 
     </span>
    </p>
   </div>
   <div class='ocr_carea' id='block_1_5' title="bbox 233 2204 1605 2262">
    <p class='ocr_par' dir='ltr' id='par_1_10' title="bbox 233 2204 1605 2262">
     <span class='ocr_line' id='line_1_34' title="bbox 233 2204 1605 2262; baseline -0.004 -10"><span class='ocrx_word' id='word_1_301' title='bbox 233 2215 299 2252; x_wconf 83' lang='lat'><strong>51.</strong></span> <span class='ocrx_word' id='word_1_302' title='bbox 326 2211 683 2252; x_wconf 85' lang='lat' dir='ltr'><strong>Laurentianus</strong></span> <span class='ocrx_word' id='word_1_303' title='bbox 710 2211 1202 2250; x_wconf 84' lang='lat' dir='ltr'><strong>Ashburnhamieusis</strong></span> <span class='ocrx_word' id='word_1_304' title='bbox 1231 2204 1360 2262; x_wconf 84' lang='lat'>274¹)</span> <span class='ocrx_word' id='word_1_305' title='bbox 1396 2209 1521 2248; x_wconf 89' lang='lat' dir='ltr'><strong>chart.</strong></span> <span class='ocrx_word' id='word_1_306' title='bbox 1537 2216 1605 2246; x_wconf 80' lang='lat'><strong>500</strong></span> 
     </span>
    </p>
   </div>
   <div class='ocr_carea' id='block_1_6' title="bbox 173 2265 1534 2323">
    <p class='ocr_par' dir='ltr' id='par_1_11' title="bbox 173 2265 1534 2323">
     <span class='ocr_line' id='line_1_35' title="bbox 173 2265 1534 2323; baseline -0.003 -13"><span class='ocrx_word' id='word_1_307' title='bbox 173 2273 322 2311; x_wconf 84' lang='lat' dir='ltr'><strong>formae</strong></span> <span class='ocrx_word' id='word_1_308' title='bbox 343 2274 474 2322; x_wconf 86' lang='lat' dir='ltr'><strong>quart.</strong></span> <span class='ocrx_word' id='word_1_309' title='bbox 489 2268 562 2323; x_wconf 83' lang='lat'><strong>(21</strong></span> <span class='ocrx_word' id='word_1_310' title='bbox 580 2278 638 2312; x_wconf 94' lang='lat'><strong>&gt;&lt;</strong></span> <span class='ocrx_word' id='word_1_311' title='bbox 657 2273 708 2310; x_wconf 93' lang='grc'>16</span> <span class='ocrx_word' id='word_1_312' title='bbox 725 2265 819 2322; x_wconf 89' lang='lat' dir='ltr'><strong>cm.)</strong></span> <span class='ocrx_word' id='word_1_313' title='bbox 840 2282 892 2309; x_wconf 90' lang='lat' dir='ltr'><strong>sc.</strong></span> <span class='ocrx_word' id='word_1_314' title='bbox 908 2269 994 2318; x_wconf 85' lang='lat' dir='ltr'><strong>XV,</strong></span> <span class='ocrx_word' id='word_1_315' title='bbox 1014 2271 1134 2308; x_wconf 88' lang='lat' dir='ltr'><strong>antea</strong></span> <span class='ocrx_word' id='word_1_316' title='bbox 1154 2268 1286 2307; x_wconf 88' lang='lat' dir='ltr'><strong>Petri</strong></span> <span class='ocrx_word' id='word_1_317' title='bbox 1306 2268 1534 2318; x_wconf 88' lang='lat' dir='ltr'><strong>Philippi</strong></span> 
     </span>
    </p>
   </div>
   <div class='ocr_carea' id='block_1_7' title="bbox 170 2382 1532 2480">
    <p class='ocr_par' dir='ltr' id='par_1_12' title="bbox 170 2382 1531 2480">
     <span class='ocr_line' id='line_1_36' title="bbox 235 2382 1531 2432; baseline -0.004 -11"><span class='ocrx_word' id='word_1_318' title='bbox 235 2388 267 2431; x_wconf 87' lang='lat'><strong>1)</strong></span> <span class='ocrx_word' id='word_1_319' title='bbox 294 2386 486 2432; x_wconf 79' lang='lat' dir='ltr'><strong>Rostagno</strong></span> <span class='ocrx_word' id='word_1_320' title='bbox 513 2395 532 2421; x_wconf 92' lang='lat' dir='ltr'><strong>e</strong></span> <span class='ocrx_word' id='word_1_321' title='bbox 553 2384 828 2427; x_wconf 83' lang='lat' dir='ltr'><strong>Festa,1ndice</strong></span> <span class='ocrx_word' id='word_1_322' title='bbox 848 2383 909 2419; x_wconf 84' lang='lat' dir='ltr'><strong>dei</strong></span> <span class='ocrx_word' id='word_1_323' title='bbox 930 2383 1049 2418; x_wconf 87' lang='lat' dir='ltr'><strong>codici</strong></span> <span class='ocrx_word' id='word_1_324' title='bbox 1070 2382 1170 2428; x_wconf 80' lang='lat' dir='ltr'><strong>greci</strong></span> <span class='ocrx_word' id='word_1_325' title='bbox 1195 2382 1440 2417; x_wconf 82' lang='lat' dir='ltr'><strong>Laurenziani</strong></span> <span class='ocrx_word' id='word_1_326' title='bbox 1461 2392 1531 2417; x_wconf 86' lang='lat' dir='ltr'><strong>uon</strong></span> 
     </span>
     <span class='ocr_line' id='line_1_37' title="bbox 170 2429 1532 2480; baseline -0.003 -12"><span class='ocrx_word' id='word_1_327' title='bbox 170 2434 351 2479; x_wconf 74' lang='lat' dir='ltr'><strong>compi-esi</strong></span> <span class='ocrx_word' id='word_1_328' title='bbox 373 2434 433 2468; x_wconf 89' lang='lat' dir='ltr'><strong>nel</strong></span> <span class='ocrx_word' id='word_1_329' title='bbox 455 2433 626 2480; x_wconf 81' lang='lat' dir='ltr'><strong>catalogo</strong></span> <span class='ocrx_word' id='word_1_330' title='bbox 647 2431 707 2468; x_wconf 85' lang='lat' dir='ltr'><strong>del</strong></span> <span class='ocrx_word' id='word_1_331' title='bbox 729 2431 888 2467; x_wconf 89' lang='lat' dir='ltr'><strong>Bandini</strong></span> <span class='ocrx_word' id='word_1_332' title='bbox 909 2430 1030 2477; x_wconf 85' lang='lat' dir='ltr'><strong>(Stud.</strong></span> <span class='ocrx_word' id='word_1_333' title='bbox 1050 2429 1131 2465; x_wconf 82' lang='lat' dir='ltr'><strong>ital.</strong></span> <span class='ocrx_word' id='word_1_334' title='bbox 1152 2429 1191 2464; x_wconf 90' lang='lat' dir='ltr'><strong>di</strong></span> <span class='ocrx_word' id='word_1_335' title='bbox 1211 2429 1259 2465; x_wconf 88' lang='lat' dir='ltr'><strong>fil.</strong></span> <span class='ocrx_word' id='word_1_336' title='bbox 1274 2429 1382 2465; x_wconf 84' lang='lat' dir='ltr'><strong>class.</strong></span> <span class='ocrx_word' id='word_1_337' title='bbox 1402 2429 1432 2472; x_wconf 86' lang='grc' dir='ltr'><strong>Ι)</strong></span> <span class='ocrx_word' id='word_1_338' title='bbox 1453 2432 1532 2464; x_wconf 71' lang='grc'>*3.05</span> 
     </span>
    </p>
   </div>
  </div>
 </body>
</html>
