1872 2924
346 229 407 270 40
438 228 619 263 LIBANII
645 227 727 271 QUI
753 227 1018 263 FERUNTUR
1043 226 1391 263 CHARACTERES
1416 226 1678 264 EPISTOLICI

348 311 419 355 ε’πὶ
446 313 632 367 δυνάμει
657 311 897 368 βοωμένων
922 305 996 367 εἶς,
1021 311 1070 354 ἐν
1093 308 1247 354 οὐδενί
1265 323 1314 354 σε
1333 311 1477 368 μέτρῳ
1496 312 1546 354 τὸ
1564 313 1705 366 παρά-

346 393 437 421 παν
468 378 526 420 ἄν
554 377 919 434 περιεπτυξάμην.
956 378 1070 419 πολὺ
1104 375 1156 419 δέ
1185 392 1234 432 γε
1265 378 1432 430 μᾶλλόν
1463 388 1513 419 σε
1536 383 1623 419 νῦν
1648 377 1704 419 οὐ

347 449 676 499 προσποιοῦμαι
702 442 777 485 διὰ
801 443 882 497 τὴν
905 440 1145 485 ἀσθένειάν
1164 453 1260 484 σου.
1298 441 1433 485 οὐδὲν
1452 441 1535 496 γάρ
1555 457 1608 496 με
1629 445 1704 485 λυ-

347 516 444 559 πεῖς
466 509 520 551 οὐ
542 507 599 551 δι’
625 508 784 562 ἀρετὴν
803 513 884 550 τοῦ
903 507 961 561 μὴ
980 506 1134 549 θέλειν
1154 506 1338 561 ἀδικεῖν,
1364 505 1475 549 ἀλλὰ
1493 511 1553 564 τῷ
1569 506 1705 549 δυνά-

312 593 328 618 ⁵
347 589 461 627 μεως
485 573 682 628 ἀπορεῖν.

410 651 478 692 69.
504 649 978 705 Άντεγκληματική.
1030 650 1082 690 Τί
1113 647 1439 703 ἐγκαλεῖςὴμῖν
1463 649 1522 699 ὡς
1546 650 1705 699 αἰτίοις

350 728 421 758 σοι
457 715 712 770 γενομένοις
745 720 975 769 συμφορᾶς
1008 712 1081 755 καὶ
1117 713 1198 755 οὐκ
1229 712 1427 768 ἐγκαλεῖς
1458 719 1627 772 σεαυτῷ
1646 720 1712 771 τῷ

349 782 598 824 κακώσαντι
629 781 682 823 τὰ
712 778 816 822 καθ’
847 779 975 834 ἡμᾶς;
1008 781 1063 821 σὺ
1096 779 1180 833 γὰρ
1211 779 1319 833 ἡμῖν
1349 783 1488 829 αἴτιος
1519 778 1703 833 γέγονας

350 845 544 902 ἀπείρων
574 853 722 888 κακῶν
749 845 773 888 ὁ
799 844 872 887 καὶ
897 845 1091 894 πολλοὺς
1116 844 1278 894 ἄλλους
1304 846 1500 898 λυπήσας
1525 843 1598 886 καὶ
1623 843 1707 899 οὐχ

300 929 335 955 ιο
354 912 477 966 ἡμεῖς
493 907 574 954 ’σοὶ
600 911 641 953 οἱ
668 909 836 965 μηδένα
861 910 910 952 τὸ
938 909 1146 965 παράπαν
1172 909 1427 963 ἠδικηκότες
1451 907 1568 951 ποτέ.

413 988 480 1031 70.
506 987 970 1041 Ἀντεπισταλτική.
1014 986 1267 1039 Δεξάμενος
1297 985 1350 1027 τὰ
1375 986 1606 1040 γράμματα
1630 991 1708 1040 τῆς

353 1061 431 1109 σῆς
463 1054 750 1108 γνησιότητος
780 1052 853 1094 καὶ
884 1053 1017 1105 γνοὺς
1048 1048 1105 1093 δι’
1144 1051 1291 1093 αὐτῶν
1323 1051 1382 1100 ὡς
1414 1050 1463 1093 ἐν
1489 1050 1708 1106 εὐπραγίᾳ

352 1120 533 1174 διάγεις,
557 1120 659 1161 λίαν
684 1119 844 1173 ἥσθην.
880 1114 938 1158 δι’
970 1116 1099 1172 εὐχῆς
1124 1117 1207 1171 γὰρ
1234 1114 1316 1171 ἔχω
1342 1118 1445 1165 τοὺς
1471 1117 1631 1171 φίλους
1655 1111 1709 1158 εὖ

351 1184 560 1240 πράττειν
585 1183 665 1226 ἀεί.

301 1280 334 1305 ιε,
415 1262 482 1304 71.
509 1260 890 1316 Παροξυντική.
924 1261 977 1302 Εἰ
1001 1261 1152 1312 πόρρω
1178 1258 1411 1312 τυγχάνων
1430 1257 1515 1312 ε’γὼ
1533 1263 1614 1300 τοῦ
1632 1273 1709 1299 κα·-

353 1328 619 1382 κοδαίμονος
631 1324 877 1375 Διοκλέους
897 1326 999 1367 λίαν
1018 1325 1225 1380 ἄχθομαι,
1244 1324 1359 1366 καθὸ
1379 1330 1521 1373 κακῶς
1538 1334 1587 1365 σε
1598 1337 1708 1364 παν-

353 1398 490 1448 ταχοῦ
516 1398 595 1447 γῆς
615 1392 876 1444 διατίθεται,
900 1390 1016 1432 πολύ
1037 1404 1086 1444 γε
1105 1391 1275 1444 μᾶλλον
1297 1390 1352 1430 σὺ
1372 1394 1448 1442 τῆς
1467 1388 1530 1438 εἰς
1549 1385 1597 1430 σὲ
1618 1390 1708 1430 λοι-

355 1458 509 1513 δορίας
540 1456 670 1512 χάριν
701 1457 867 1511 ὤφελες
898 1453 1167 1510 ἀμύνασθαι.
1210 1453 1347 1495 καλὸν
1375 1452 1459 1508 γάρ
1486 1452 1578 1495 ἐστι
1602 1455 1714 1502 τοὺς

416 1632 433 1662 1
455 1625 690 1674 βεβοημένων
710 1625 794 1661 coni
814 1626 901 1660 Wes
950 1622 1004 1666 εἷς
1022 1636 1083 1660 om
1109 1623 1226 1660 VHin
1247 1623 1300 1663 εἰς
1325 1623 1360 1658 U
1403 1621 1629 1666 τοπαράπαν
1648 1623 1712 1658 Pa

415 1680 435 1710 2
462 1673 512 1710 ἂν
536 1674 837 1718 περιεπτυξάμην
862 1672 994 1718 scripsi
1020 1671 1258 1715 ἐπιπτήξαιμι
1292 1670 1402 1706 VUD
1415 1670 1491 1704 Har
1505 1669 1580 1704 nin
1604 1681 1708 1713 περι-

354 1722 533 1767 πτύξαιμι
558 1723 617 1758 Ρα
647 1720 911 1765 περιπτήξαιμι
937 1721 1032 1765 Bpr
1043 1719 1124 1754 Mor
1150 1717 1327 1763 ἐτιθέμην
1352 1717 1432 1752 ΡΗ
1453 1715 1501 1752 ἂν
1528 1716 1712 1762 ἐτιθέμην

360 1770 445 1806 Wes
459 1770 535 1804 Her
549 1768 632 1803 wei
681 1768 726 1803 δέ
749 1779 809 1803 om
829 1768 945 1803 PBH
959 1779 1003 1812 pr
1029 1779 1069 1812 γε
1095 1778 1155 1801 om
1175 1767 1269 1810 Bpr
1317 1766 1455 1809 μᾶλλον
1481 1764 1520 1800 σέ
1545 1778 1585 1809 γε
1610 1765 1713 1800 ΡαΒ

356 1817 438 1852 Mor
525 1821 546 1851 4
567 1813 635 1862 δι’]
657 1814 695 1851 δ’
717 1816 757 1851 D
805 1815 846 1850 τὸ
875 1814 1178 1859 VUPaBPHpt
1190 1813 1266 1847 Hin
1315 1810 1527 1856 δυνάμενον
1546 1813 1581 1846 V
1595 1814 1710 1847 δυνα-

356 1863 476 1909 μένως
494 1865 534 1900 D
547 1864 624 1898 Har
722 1866 741 1897 6
762 1862 933 1907 ἐπιστολὴ
953 1859 1271 1907 ἀντεγκληματική
1291 1859 1327 1895 U
1372 1859 1419 1903 δὴ
1437 1861 1525 1904 post
1543 1857 1580 1894 τί
1592 1859 1717 1895 DPH

361 1913 436 1947 Har
454 1911 536 1946 Mor
548 1911 637 1946 Wes
658 1910 733 1945 Her
831 1913 850 1943 7
877 1922 945 1945 σου
977 1909 1050 1945 VU
1095 1908 1305 1954 γινομένοις
1329 1906 1459 1941 DHar
1508 1911 1714 1951 συμφορῶν

368 1959 482 1995 VHiu
580 1961 601 1992 8
627 1957 746 1998 αἴτιος
764 1957 852 2005 ἡμῖν
879 1958 914 1992 V
1006 1960 1026 1992 9
1047 1955 1067 1992 ὁ
1088 1955 1165 2001 καὶ]
1186 1954 1251 1996 οὓς
1270 1955 1308 1991 Ρ
1401 1958 1445 1988 10
1465 1953 1521 1988 σοὶ
1542 1964 1603 1988 om
1622 1952 1712 1987 libri

356 2019 402 2052 pr
424 2007 499 2041 Har
518 2006 599 2041 Mor
619 2005 707 2040 Wes
739 2005 804 2050 qui
835 2004 937 2039 inser
967 2004 1050 2039 coni
1100 2003 1325 2046 τοπαράπαν
1358 2001 1416 2036 Ρα
1469 1998 1716 2046 λελυπηκότες

358 2055 440 2090 PH
453 2054 543 2089 Wes
563 2053 639 2088 Her
743 2056 784 2086 11
819 2051 990 2096 ἐπιστολὴ
1023 2047 1330 2092 ἀντεπισταλτική
1357 2048 1392 2083 U
1485 2052 1527 2083 12
1553 2046 1714 2092 εὐπορία

358 2103 456 2138 ΡαΒ
477 2113 521 2146 pr
540 2100 622 2136 Mor
719 2103 763 2134 13
796 2099 881 2145 ἔχω]
915 2100 973 2134 δεῖ
997 2099 1079 2134 ΡΗ
1121 2095 1162 2133 εὖ
1187 2095 1377 2141 πράττειν]
1402 2094 1648 2140 συμπράττειν

358 2150 440 2185 ΡΗ
467 2147 713 2193 συμπράττων
747 2147 779 2183 U
801 2147 978 2190 πράττειν
1002 2147 1042 2181 D
1061 2144 1139 2180 Har
1236 2148 1279 2179 15
1311 2143 1375 2178 καὶ
1407 2144 1495 2177 ante
1518 2141 1644 2186 πόρρω
1671 2141 1715 2176 D

358 2197 436 2231 Har
448 2196 530 2230 Mor
546 2196 631 2230 Wes
645 2194 721 2229 Her
767 2193 961 2239 τυγχάνων
980 2204 1041 2228 om
1055 2193 1137 2228 PH
1150 2191 1319 2238 τυγχάνω
1338 2201 1383 2233 pr
1395 2188 1478 2224 Mor
1561 2192 1603 2223 16
1625 2193 1712 2224 Διο-

358 2243 489 2284 κλέους
514 2254 574 2278 om
599 2243 638 2277 D
659 2242 737 2276 Har
784 2238 879 2276 καθ’
909 2239 928 2276 ὃ
964 2240 1087 2276 UHar
1105 2239 1187 2274 Mor
1210 2238 1318 2274 καθὰ
1342 2237 1425 2272 ΡΗ
1441 2235 1530 2272 Wes
1549 2236 1625 2271 Her
1673 2246 1715 2270 σε

359 2303 419 2327 om
446 2292 485 2327 D
534 2288 739 2325 ἀπαντάων
758 2289 798 2324 D
812 2288 888 2323 Har
951 2292 993 2323 17
1013 2292 1081 2333 γῆς
1101 2298 1160 2322 om
1181 2287 1261 2322 PH
1272 2285 1358 2320 Wes
1372 2282 1449 2318 Her
1497 2282 1711 2319 διατίθεται

359 2351 420 2374 om
441 2340 499 2375 Pa
524 2335 762 2374 διατίθενται
780 2335 858 2370 Har
923 2333 990 2380 μὲν
1015 2336 1100 2380 post
1120 2333 1332 2369 διατίθεται
1351 2329 1448 2367 oblit
1465 2332 1502 2366 Β
1567 2331 1622 2377 γε]
1640 2330 1717 2376 γὰρ

359 2410 436 2445 Har
484 2409 548 2443 καὶ
579 2409 666 2442 ante
697 2407 741 2441 σὺ
768 2407 807 2441 D
825 2405 905 2440 Har
952 2406 996 2440 σὺ
1028 2417 1088 2441 om
1113 2415 1158 2449 pr
1204 2452 1206 2454 q
1256 2406 1298 2438 18
1325 2379 1452 2448 ὠφέας
1479 2403 1512 2438 V
1533 2399 1716 2446 ὠφελείας

368 2458 441 2493 UD
452 2455 530 2490 Har
555 2454 708 2499 ὥφειλες
732 2454 810 2489 ΡΗ
855 2453 1068 2499 ἀμύνεσθαι
1095 2451 1190 2487 PaB
1205 2450 1287 2485 Mor
