1872 2924
328 220 416 263 200
630 216 895 253 PROLEGOM
901 216 997 252 ENA
1024 216 1090 251 AD
1115 215 1378 252 EPISTULAS

332 309 382 347 ad
402 320 520 358 quem
538 307 709 357 scripsit,
733 308 780 345 ut
798 305 989 344 Libanius
1008 304 1170 354 Basilii,
1188 304 1255 343 sed
1276 304 1449 344 auditor.
1483 303 1541 344 cf.
1559 305 1681 344 verba

330 365 406 419 ἐγὼ
426 364 781 419 γὰρ-θυγατέρων
806 365 863 403 ΧΙ
890 366 988 412 584,
1015 365 1219 413 13-585,
1245 365 1283 402 2.
1318 362 1422 409 Quin
1441 364 1563 402 etiam
1583 364 1682 403 dicit

331 439 372 465 se
398 425 615 476 aliquando
640 424 812 465 voluisse
839 423 888 462 ab
915 436 960 462 eo
985 423 1107 462 sacris
1131 435 1294 472 poeseos
1313 422 1548 462 Homericae
1571 422 1681 462 initi-

330 485 391 524 ari
414 484 843 532 πολλάκις-εἰσελθεῖν
866 482 924 521 XI
944 483 1042 531 586,
1069 483 1196 521 6-8.
1235 481 1349 527 Quod
1373 494 1452 532 quo
1473 484 1590 532 pacto
1609 496 1681 532 pu·

330 544 503 584 tabimus
530 543 668 582 cadere
694 543 736 581 in
763 542 973 582 Libanium
999 543 1039 581 et
1057 540 1252 580 Basilium
1272 541 1463 592 Magnum
1489 540 1558 591 qui
1583 541 1683 590 quid

329 605 376 642 de
399 603 641 643 carminibus
659 602 881 642 Homericis
899 600 1137 640 iudicaverit
1154 600 1347 639 indicavit
1365 613 1425 650 ep.
1443 601 1524 639 147
1546 602 1683 651 μῦθον

330 662 511 713 ἐνόμιζον
543 660 637 709 τέως
666 660 713 700 τὰ
744 666 814 701 τοῦ
841 656 1034 711 Ὁμήρου,
1066 658 1126 699 ὅτε
1157 655 1293 715 ἐπῄειν
1323 658 1446 698 αὐτοῦ
1477 658 1520 699 τὸ
1551 657 1683 710 ἕτερον

331 720 447 773 μέρος
472 726 542 773 τῆς
560 722 754 770 ποιήσεως
769 750 777 759 .
793 751 802 760 .
817 751 825 759 .
846 716 930 758 ἀλλ’
953 717 1081 759 ἐκεῖνα
1106 716 1152 758 τὰ
1171 716 1324 769 μυθικὰ
1343 716 1437 766 τέως
1455 716 1521 758 καὶ
1539 716 1684 757 ἄπιστα

331 781 438 820 πάνυ
469 777 574 832 ἡμᾶς
597 778 754 820 πιθανὰ
779 779 952 830 νομίζειν
978 777 1153 826 ἐδίδαξεν
1179 775 1204 829 ἡ
1231 775 1318 830 περὶ
1343 776 1420 816 πὸν
1444 777 1573 817 πάντα
1597 775 1683 828 ἄρι-

332 854 424 880 στον
438 840 633 891 Μάξιμον
651 837 879 891 neonium:
899 838 1135 889 allegoricae
1154 837 1494 888 interpretationis
1507 848 1579 875 nec
1592 837 1685 876 vola

332 913 403 939 nec
422 901 649 951 vestigium.
681 898 766 945 Quo
785 911 906 948 porro
924 898 1043 947 pacto
1057 894 1251 936 Libanius
1270 909 1359 936 cum
1372 896 1524 936 Basilio
1538 896 1684 947 Magno

333 972 448 1009 saepe
474 957 517 998 ἐν
543 957 791 1011 Στρατηγίου
811 956 1048 996 Antiochia-e
1067 955 1290 995 conversari
1308 954 1468 1006 potuit?
1500 955 1684 1005 Denique

332 1031 412 1069 quo
444 1018 560 1057 modo
592 1017 808 1067 explicabis
839 1016 1051 1055 Libanium
1083 1028 1118 1054 a.
1147 1015 1230 1054 358
1262 1015 1312 1053 ad
1340 1015 1534 1055 Basilium
1561 1015 1684 1064 scrip-

333 1078 430 1117 sisse
448 1077 571 1117 verba
590 1079 737 1128 μᾶλλον
757 1073 1046 1128 ὄτι-ἠρξάμην
1066 1071 1143 1128 (XI
1163 1075 1261 1124 584,
1283 1077 1333 1113 11
1357 1071 1447 1124 sq.),
1471 1075 1683 1124 postquam

331 1139 413 1175 iam
451 1149 485 1176 a.
514 1137 597 1176 356
627 1137 846 1175 antecessit
877 1148 938 1185 ep.
967 1132 1080 1174 501⁴?
1117 1132 1230 1179 Quod
1264 1133 1451 1172 Seeckius
1483 1134 1535 1172 31
1570 1131 1687 1171 dicit:

332 1197 484 1246 „Wenn
516 1196 585 1234 der
615 1194 896 1234 Briefwechsel
925 1194 1030 1233 volle
1063 1195 1087 1232 2
1117 1192 1240 1231 Jahre
1270 1192 1558 1232 unterbrochen
1589 1204 1687 1240 war,

333 1268 375 1295 so
400 1257 456 1294 ist
480 1268 521 1294 es
540 1268 641 1306 ganz
659 1254 873 1300 natfirlich,
897 1252 976 1292 dass
996 1253 1078 1292 sein
1098 1251 1469 1302 Wiederbeginn
1491 1251 1565 1289 den
1586 1249 1686 1290 Cha-

331 1315 469 1354 rakter
493 1315 602 1354 einer
625 1326 776 1353 neuen
796 1313 1070 1363 Erssffnung
1092 1310 1200 1361 hat“,
1223 1311 1299 1351 hoc
1317 1312 1378 1351 est
1395 1323 1474 1350 non
1493 1310 1685 1360 interpre-

331 1375 424 1423 tari,
448 1373 517 1413 sed
542 1373 755 1413 obtrudere
774 1371 940 1423 aliquid,
965 1374 1006 1410 et
1023 1372 1226 1410 refutatur
1243 1370 1373 1410 verbis
1392 1368 1461 1409 τὸν
1480 1363 1687 1409 οὗν-ἐπι-

334 1432 501 1473 στέλλειν
527 1429 602 1487 (ΧΙ
623 1434 722 1482 585,
742 1429 877 1486 4-6).

394 1492 471 1531 Sed
490 1505 538 1531 ne
559 1492 649 1542 quis
666 1493 769 1531 hanc
789 1503 945 1542 quoqne
965 1489 1179 1540 epistulam
1199 1501 1223 1527 a
1239 1488 1408 1527 Libanio
1429 1487 1600 1538 quidem,
1618 1486 1686 1526 sed

334 1552 386 1591 ad
416 1551 611 1591 Basilium
644 1551 844 1591 diversum
876 1563 899 1588 a
929 1549 1081 1589 Basilio
1113 1561 1173 1599 ep.
1194 1549 1277 1587 501
1313 1549 1354 1586 et
1379 1549 1461 1587 647
1497 1547 1687 1596 scriptam

334 1624 418 1650 esse
450 1612 647 1661 opinetur,
678 1611 719 1650 et
749 1611 1028 1660 argumentum
1054 1610 1094 1648 et
1118 1607 1239 1647 dictio
1263 1606 1382 1657 plane
1408 1619 1497 1646 cum
1521 1605 1688 1655 reliquis

334 1670 484 1710 mutuis
497 1670 734 1710 conveniens
747 1669 1027 1720 obloquuntur.
1055 1666 1183 1706 Cardo
1195 1667 1314 1706 huius
1327 1678 1451 1716 aeque
1464 1667 1584 1715 atque
1597 1664 1686 1703 illa-

335 1743 425 1768 rum
451 1729 713 1780 epistularum
736 1729 780 1767 in
804 1728 947 1767 Basilii
970 1739 1065 1778 prae
1084 1725 1253 1765 Libanio
1278 1737 1367 1764 cum
1392 1725 1577 1763 universa
1600 1725 1688 1762 tum

336 1789 379 1827 in
407 1789 591 1839 epistulis
617 1787 907 1828 conscribendis
932 1787 1180 1837 praestantia
1199 1784 1433 1824 celebranda
1451 1784 1623 1823 vertitur
1647 1784 1689 1821 et

335 1848 466 1900 magis
476 1848 656 1887 adulatio
667 1849 728 1887 est
738 1860 859 1898 quam
869 1845 1013 1886 veteris
1024 1845 1082 1884 illi
1087 1857 1133 1884 us
1144 1844 1343 1883 amicitiae
1355 1844 1419 1882 vin
1424 1843 1569 1892 culum,
1582 1841 1687 1892 quod

336 1909 378 1946 in
401 1921 460 1957 ep.
483 1908 564 1947 501
588 1909 629 1946 et
650 1908 733 1946 647
756 1906 933 1957 apparet.
967 1905 1045 1947 Sed
1064 1904 1185 1944 etiam
1203 1904 1246 1942 in
1265 1903 1437 1942 dictione
1456 1903 1561 1950 sunt,
1586 1912 1689 1950 quae

337 1979 363 2005 a
381 1966 550 2005 Libanio
572 1966 753 2006 recedere
772 1965 870 2004 mihi
888 1964 1112 2004 videantur.
1143 1962 1381 2013 Pasqualius
1401 1961 1560 2011 quidem
1580 1959 1688 2010 quod

337 2026 465 2064 fusius
489 2025 646 2065 dicendi
670 2037 794 2077 genus
818 2025 862 2063 in
886 2024 961 2063 bac
986 2023 1158 2074 epistula
1181 2022 1349 2061 rimatus
1373 2033 1458 2060 esse
1483 2019 1561 2059 sibi
1578 2019 1688 2059 visus
1709 2062 1711 2066 f

339 2087 412 2133 est,
431 2085 574 2125 vellem
595 2085 833 2124 documenta
846 2084 1093 2134 protulisset.
1124 2082 1265 2131 Neque
1278 2080 1500 2120 audiendus
1512 2080 1573 2119 est
1584 2078 1687 2117 Lau·

338 2144 443 2192 bins,
467 2157 557 2183 cum
578 2143 791 2183 Libanium
810 2144 924 2195 χάριν
943 2141 1080 2192 αἰτεῖν,
1104 2153 1183 2180 non
1204 2142 1253 2179 ut
1270 2141 1312 2179 in
1331 2140 1407 2179 hac
1425 2141 1486 2178 est
1505 2137 1691 2188 epistula,

337 2201 586 2256 ἐπαγγέλλειν
610 2203 755 2242 dixisse
775 2201 1002 2242 contendat.
1025 2201 1131 2240 Nam
1155 2201 1202 2238 ut
1225 2199 1542 2250 praetermittam
1568 2208 1688 2247 quam

338 2263 424 2314 ipse
437 2262 579 2302 citavit
589 2274 798 2312 perperam
812 2274 872 2312 ep.
887 2262 986 2310 404,
999 2257 1246 2312 ἐπαγγέλλειν
1257 2257 1372 2311 χάριν
1384 2257 1487 2296 dixit
1498 2255 1691 2294 Libanius

341 2335 400 2373 ep.
423 2322 521 2361 693.
535 2322 776 2361 838.1185.
792 2322 919 2360 1291.
937 2320 1048 2359 1339
1069 2321 1110 2358 et
1127 2317 1315 2369 poscendi
1332 2316 1414 2357 vim
1432 2315 1554 2355 habet
1571 2312 1689 2366 ἐπαγ-

339 2380 488 2434 γέλλειν
516 2381 637 2420 etiam
667 2383 696 2419 t.
722 2380 742 2419 I
769 2381 866 2428 102,
893 2382 967 2429 113
991 2378 1033 2417 Π
1059 2379 1156 2426 293,
1181 2378 1227 2427 43
1259 2377 1357 2420 358,
1387 2376 1459 2426 13;
1489 2375 1589 2423 438,
1617 2374 1691 2421 18;

342 2442 442 2490 487,
469 2442 542 2490 103
569 2441 667 2486 550,
693 2440 737 2489 53
762 2438 825 2478 111
845 2439 944 2488 296,
967 2440 1009 2487 73
1033 2437 1072 2475 V
1093 2437 1190 2487 535,
1216 2436 1254 2476 8.
1292 2435 1408 2482 Quod
1430 2445 1525 2474 vero
1543 2432 1694 2484 legitur
