1872 2924
204 194 385 233 mnium
412 194 494 240 QUI
521 193 789 231 sssssun'run
813 192 1167 230 cumeram-:s
1196 193 1460 231 EPISTOLICI
1510 193 1539 237 5

174 286 215 325 in
234 298 326 336 app.
346 281 466 336 erit).
487 283 658 335 Inspexi.
679 284 756 323 Sed
776 295 880 335 quae
903 296 924 321 e
940 282 1058 322 Rabii
1077 282 1231 322 schedis
1250 283 1410 322 rettulit
1430 283 1538 322 Wei-

173 345 333 385 obertus
352 357 389 395 p.
411 343 552 394 XLVI,
571 343 780 383 sufficiunt
799 342 851 382 ud
872 341 1224 382 demonstrandum
1245 343 1419 383 codicem
1441 356 1484 382 ex
1505 342 1538 382 U

174 404 344 444 fluxisse.

233 499 414 539 Alterius
434 498 666 550 propaginis
687 499 910 550 complures
929 500 1024 537 sunt
1042 498 1209 548 codices,
1235 498 1301 538 sed
1322 499 1364 537 hi
1381 512 1538 549 quoque

171 561 214 599 in
246 557 346 599 duos
378 558 587 598 discedunt
611 571 754 598 ramos.
793 559 851 598 Ac
877 557 1020 609 prioris
1047 556 1203 608 quidem
1229 557 1407 597 familiae
1432 558 1536 598 codi-

171 631 263 659 cum
306 618 510 670 proprium
554 621 633 668 est,
674 618 781 669 quod
821 630 899 657 non
941 617 1069 657 solum
1111 617 1271 657 exhibet
1312 618 1535 668 exemplum

172 680 554 731 παραθαρρωντικῆς
588 690 659 729 pro
691 680 1005 732 παραμυθητικῇ
1038 682 1078 716 et
1110 677 1335 728 exemplum
1367 678 1538 717 amissae

170 743 443 791 μετριαστικῆς
474 733 520 791 (ξ
541 733 631 791 87),
662 737 732 778 sed
758 738 879 777 etiam
908 737 1079 776 alterum
1109 742 1248 789 μικτῆς
1273 732 1319 790 (ξ
1343 733 1418 790 92)
1445 740 1538 776 ante

172 797 391 849 genuinum
423 799 465 836 et
494 797 546 836 18
586 810 690 836 nova
727 796 909 848 exempla
940 797 1279 849 σνμβουλευτικῆς
1311 818 1368 824 --
1406 812 1534 850 ‹poya-

170 858 356 909 δευτικῆς
374 856 564 908 opusculo
584 856 733 896 subicit
752 851 818 910 (—
837 856 989 896 Weich.
1009 870 1047 907 p.
1066 857 1241 896 34-36
1270 870 1306 895 n.
1327 857 1537 910 42—59).

231 915 367 956 Huius
392 918 526 956 autem
552 916 732 956 familiae
757 916 913 956 codices
938 920 1032 956 sunt

232 990 270 1028 6.
295 988 547 1028 Parisinus
573 1002 632 1041 gr.
655 989 767 1028 2881
798 984 863 1042 (=
883 984 959 1042 Pa)
985 988 1110 1028 chart.
1139 990 1291 1028 formae
1317 991 1414 1027 sext.
1442 987 1610 1028 decus

171 1060 224 1087 sc.
250 1047 337 1098 XV,
362 1047 460 1087 olim
486 1048 702 1088 cardinalis
727 1048 888 1088 Nicolai
908 1047 1110 1098 Ridolphi‚
1137 1050 1181 1087 ut
1205 1061 1253 1088 ex
1278 1048 1537 1099 inscriptione

171 1108 239 1148 fol.
264 1110 308 1147 1:
333 1107 406 1146 No.
429 1110 456 1147 4
476 1110 612 1148 tertiae
628 1108 800 1148 decimae
817 1108 867 1148 N
881 1110 907 1147 4
926 1108 1069 1157 elucet,
1093 1108 1191 1147 misc
1216 1107 1283 1147 fol.
1304 1109 1535 1147 150-——154

172 1166 357 1220 λιβανίου
376 1165 659 1220 ἕπιστολιμαΐοι
678 1173 930 1221 χαρακτῆρες.
950 1167 1068 1207 Solus
1088 1168 1128 1206 in
1148 1169 1329 1219 margine
1349 1168 1537 1207 inferiore

173 1227 349 1267 alterum
386 1225 597 1279 εἰρωνικῆς
639 1227 864 1279 exemplum
910 1227 1069 1267 exhibet
1106 1227 1344 1277 inscriptum
1381 1225 1537 1280 <ἅ>λλη

170 1282 435 1339 <ε>ἰρωνική·
479 1283 595 1339 <τ>ίς
631 1286 705 1327 οὐκ
742 1282 850 1327 οἶδεν
887 1284 947 1341 (p.
974 1288 1028 1326 37
1068 1299 1160 1338 app.
1187 1287 1275 1326 crit.
1301 1287 1327 1326 l.
1354 1282 1412 1340 5).
1471 1285 1536 1326 In-

173 1345 285 1396 spexi
305 1349 346 1386 et
363 1345 514 1386 tabulis
533 1346 805 1398 phototypicis
825 1359 920 1386 usus
939 1359 1039 1397 sum,
1058 1359 1160 1398 quas
1181 1346 1278 1386 olim
1291 1345 1411 1398 Hugo
1427 1347 1535 1398 prin·

174 1417 266 1456 ceps
298 1404 346 1444 de
372 1404 545 1445 Radolin
577 1406 779 1446 faciendas
811 1408 972 1447 curavit
996 1408 1038 1446 in
1063 1419 1179 1446 usum
1205 1406 1436 1457 Weieherti‚
1467 1408 1534 1457 qui

171 1477 264 1504 enm
296 1464 445 1504 litteris
470 1465 526 1504 Pe
559 1466 769 1518 insignivit
802 1461 860 1518 (p.
889 1462 1051 1519 XLIV),
1085 1468 1225 1517 postea
1258 1466 1378 1505 huius
1412 1465 1537 1506 vidua

170 1523 272 1563 mihi
295 1524 416 1564 misit.

234 1583 292 1622 Ex
318 1583 393 1624 hoc
420 1585 678 1637 neglegenter
703 1584 925 1635 descriptus
951 1589 1013 1625 est
1036 1585 1157 1625 codex

235 1650 271 1688 7.
309 1647 580 1689 Vaticanus
624 1647 982 1691 Ottobonianus
1026 1664 1083 1703 gr.
1119 1652 1203 1691 339
1249 1651 1374 1691 chart.
1412 1651 1606 1692 miscus

169 1719 222 1748 sc.
249 1707 323 1746 XV
349 1721 450 1747 unus
482 1722 530 1748 ex
554 1709 755 1750 codicibus
781 1710 944 1750 Ioannis
973 1710 1118 1763 Angeli
1145 1711 1328 1762 Altemps
1358 1711 1426 1751 fol.
1448 1711 1535 1751 220

171 1767 331 1818 -231‚
363 1768 578 1819 inscriptus
609 1768 793 1821 λιβανίου
825 1768 1109 1822 ἑπιστολιμαῖοι
1145 1776 1385 1823 χαρακτῆρες
1416 1783 1533 1821 quem

169 1826 365 1868 Hinekius
398 1828 420 1866 l.
443 1827 467 1866 1.
494 1842 531 1879 p.
553 1829 638 1869 538
672 1829 809 1869 littera
837 1829 886 1878 0,
913 1829 1162 1870 Weichertus
1192 1844 1231 1881 p.
1251 1829 1386 1869 XLIII
1415 1829 1534 1870 huius

169 1885 385 1926 collatione
409 1900 505 1927 usus
531 1887 667 1927 littera
695 1889 728 1928 O
752 1889 974 1941 insignivit.
1009 1889 1181 1940 Inspexi.

232 1951 270 1990 8.
296 1950 649 1993 Ambrosianus
675 1954 707 2000 Q
735 1955 760 1993 5
788 1966 875 2005 sup.
910 1950 1015 2006 (661
1051 1957 1094 1994 in
1129 1955 1248 1994 catal.
1275 1955 1455 1995 Martinii
1480 1959 1605 1995 etsso

171 2008 322 2063 Bassii)
340 2011 465 2051 chart.
491 2013 643 2052 formae
663 2017 796 2064 quart.
816 2026 869 2054 se.
884 2013 970 2064 XV,
993 2014 1090 2054 olim
1109 2014 1135 2052 J
1143 2026 1177 2053 o.
1198 2013 1329 2054 Vinc.
1350 2014 1534 2055 Pinelli

171 2070 336 2109 miscell.
371 2070 439 2110 fol.
468 2072 522 2111 65
557 2073 773 2124 inscriptus
807 2073 990 2126 λιβανίου
1025 2079 1218 2123 σοφιστοῦ
1250 2072 1533 2127 ἐπιστολιμαῖοι

169 2134 421 2182 χαρακτῆρες.
448 2129 607 2171 Desinit
624 2131 691 2172 fol.
713 2133 789 2171 77*
808 2132 988 2184 exemplo
1007 2129 1077 2172 νθ’
1097 2133 1385 2186 φυγαδευτική·
1412 2141 1530 2174 σπεῦ-

170 2198 244 2228 σον
268 2188 376 2245 πάσῃ
404 2210 458 2216 —-
484 2190 734 2242 ποιήσασθαι
758 2187 929 2245 (Weich.
949 2205 987 2243 p.
1009 2192 1078 2241 36,
1099 2190 1188 2246 26),
1213 2195 1305 2244 post
1329 2192 1435 2244 quod
1460 2207 1530 2232 nu·

170 2258 305 2288 merus
330 2248 491 2299 quidem
515 2246 549 2297 ξ’
567 2251 609 2288 in
634 2252 815 2302 margine
842 2252 995 2302 positus
1020 2255 1093 2300 est,
1118 2251 1187 2291 sed
1213 2253 1427 2303 epistulam
1450 2266 1529 2292 non

168 2305 292 2346 habet
315 2307 584 2358 pedisequam.

230 2365 403 2417 Inspexi.
442 2366 605 2407 Schedis
630 2370 729 2409 meis
755 2382 849 2409 usus
875 2375 937 2410 est
965 2370 1229 2421 Weichertus,
1260 2373 1329 2422 qui
1355 2371 1530 2412 codicem

168 2424 317 2466 litteris
341 2427 422 2466 Am
448 2429 659 2479 insignivit
682 2441 719 2479 p.
740 2428 879 2469 XLIV.
