1872 2924
294 942 327 967 m

293 1279 325 1303 15

291 1615 324 1640 20

350 217 408 259 36
445 217 623 255 LIBANII
649 218 733 263 QUI
757 219 1024 257 FERUNTUR
1048 221 1397 259 CHARACTERES
1422 222 1686 261 EPISTOLICI

347 318 485 355 μενον
510 306 718 358 γίνεσθαι
743 306 928 348 κατόπιν
953 306 1102 349 αὐτῶν
1127 306 1310 361 βαίνειν.
1345 306 1430 350 εἰσὶ
1459 306 1506 351 δὲ
1532 309 1582 351 αἱ
1595 324 1704 364 προ-

348 375 547 422 ταγεῑσαι
573 368 799 412 ἐπιστολαὶ
824 367 965 413 αὗται.

407 445 478 487 52.
505 449 550 488 11
557 449 875 502 αραινετική.
916 449 1122 503 Ζηλωτὴς
1140 448 1221 502 ἀεί,
1241 448 1445 504 βέλτιστε,
1465 457 1598 504 γενοῦ
1612 459 1702 494 τῶν

347 508 566 563 ἐναρέτων
598 511 788 566 ἀνδρῶν.
831 519 1032 567 κρεῖττον
1057 514 1140 569 γάρ
1166 513 1259 556 ἐστι
1283 516 1387 565 τοὺς
1412 514 1612 570 ἀγαθοὺς
1637 519 1702 572 ζη-

349 579 513 618 λοῦντα
537 577 675 619 καλὸν
700 576 881 619 ἀκούειν
906 577 933 632 ἢ
952 578 1143 631 φαύλοις
1162 578 1378 633 ἑπόμενον
1398 578 1702 623 ἐπονείδιστον

347 634 460 683 εἶναι
486 647 578 692 τοῖς
602 647 750 684 πᾶσιν.
1416 651 1418 653 ’

405 717 475 759 53.
502 721 557 760 Μ
561 721 790 774 εμπτική.
838 719 902 762 Οὐ
923 723 1067 771 καλῶς
1086 722 1274 775 ἔδρασας
1294 724 1398 773 τοὺς
1417 721 1466 766 εὖ
1486 726 1697 779 ποιήσαν-

346 797 423 833 τας
457 783 679 838 ἀδικήσας.
724 784 917 835 δέδωκας
952 786 1035 840 γὰρ
1071 787 1221 837 ἄλλοις
1244 790 1397 838 κακίας
1422 789 1699 843 παράδειγμα

346 849 449 898 τοὺς
474 849 706 911 εὐεργέτας
731 849 932 905 ὑβρίζων.

405 925 474 968 54.
502 929 886 983 Παρακλητική.
931 926 1020 970 Καὶ
1051 927 1185 971 πάλαι
1213 926 1295 982 μὲν
1321 929 1482 984 ἠξίωσα
1508 931 1588 986 τὴν
1614 931 1698 986 σὴν

347 991 471 1046 ἱερὰν
490 992 697 1034 διάθεσιν
716 993 790 1034 καὶ,
808 999 894 1035 νῦν
920 993 969 1036 δὲ
993 992 1098 1044 ἀξιῶ
1125 1000 1274 1049 τυχεῖν
1298 996 1429 1038 τοῦδε
1455 1001 1535 1038 τοῦ
1561 995 1698 1051 πράγ-

344 1071 480 1109 ματος
503 1057 575 1099 καὶ
609 1055 659 1100 εὖ
685 1055 769 1100 οἷδ’
802 1058 868 1100 ὅτι
899 1057 1114 1112 τεύξομαι.
1155 1060 1328 1102 δίκαιον
1359 1060 1440 1115 γάρ
1474 1059 1566 1103 ἐστι
1596 1064 1700 1111 τοὺς

345 1124 557 1175 γνησίους
577 1125 738 1177 φίλους
758 1124 995 1178 τυγχάνειν
1014 1131 1103 1167 τῶν
1123 1126 1351 1179 αἰτήσεων,
1370 1124 1477 1166 ὅταν
1496 1122 1625 1167 αὗται
1639 1127 1697 1180 μὴ

345 1188 536 1241 πονηραὶ
562 1188 807 1242 πεφύκωσι,
832 1190 1031 1243 μάλιστα.

405 1263 473 1307 55.
500 1267 576 1307 Συ
587 1277 732 1307 στατι
743 1267 813 1320 κη’.
852 1266 939 1308 Τὸν
953 1267 1215 1321 τιμιώτατον
1229 1267 1300 1308 καὶ
1314 1267 1698 1322 περισπούδαστον

345 1330 487 1383 ἄνδρα
518 1331 648 1372 τόνδε
680 1329 916 1386 δεξάμενος
947 1331 1114 1382 ξενίσαι
1144 1333 1202 1386 μὴ
1234 1334 1504 1386 κατοκνήσῃς
1529 1337 1698 1389 σεαυτῷ

344 1393 568 1449 πρέποντα
593 1396 797 1451 πράττων
823 1394 953 1448 κάμοὶ
979 1396 1281 1451 κεχαρισμένα.

404 1471 473 1513 56.
495 1473 774 1527 Εἰρωνική.
816 1475 932 1515 Λίαν
964 1473 1128 1526 ἄγαμαι
1152 1474 1233 1528 τὴν
1252 1475 1336 1528 σὴν
1355 1473 1603 1524 ἐπιείκειαν,
1629 1474 1697 1516 ὅτι

344 1536 460 1578 οὕτω
493 1536 654 1592 ταχέως
686 1539 933 1593 μεταβάλλῃ
966 1536 1039 1579 ἀπ’
1071 1538 1279 1593 εὐνομίας
1311 1539 1374 1588 εἰς
1404 1539 1453 1580 τὸ
1479 1538 1697 1591 ἐναντίον,

344 1602 459 1644 ὀκνῶ
491 1604 575 1657 γὰρ
609 1604 748 1644 εἰπεῖν
779 1604 840 1652 εἰς
871 1605 1133 1656 μοχθηρίαν.
1177 1603 1234 1653 ὡς
1259 1601 1307 1645 δὲ
1334 1601 1489 1655 ἔοικεν,
1515 1603 1568 1645 οὐ
1594 1605 1698 1653 τοὺς

406 1764 423 1795 1
446 1759 626 1805 γενέσθαι
645 1761 741 1796 ΡαΒ
750 1761 825 1796 ΡΗ
833 1760 915 1796 Mor
927 1761 1016 1795 Wes
1031 1761 1105 1796 Her
1154 1759 1268 1796 αὐτὸν
1289 1762 1357 1797 UB
1406 1761 1475 1796 εἰσὶ
1491 1783 1532 1788 -
1549 1765 1570 1796 2
1585 1758 1696 1796 αὗται

344 1820 404 1843 om
424 1809 506 1844 PH
515 1807 593 1842 Har
605 1807 691 1843 Wes
703 1807 778 1843 Her
828 1812 848 1842 3
863 1808 1034 1853 ἐπιστολὴ
1047 1808 1294 1854 παραινετική
1319 1808 1355 1844 U
1402 1807 1509 1853 γίνου
1524 1809 1605 1844 PH
1611 1808 1696 1843 Wes

347 1856 421 1890 Her
519 1859 537 1889 5
558 1857 677 1896 καλῶς
696 1855 775 1891 ΡΗ
786 1855 873 1891 Wes
883 1855 956 1892 Her
969 1855 1043 1891 Hin
1058 1856 1141 1891 Wei
1191 1856 1358 1901 φαύλους
1377 1857 1414 1892 Β
1436 1856 1587 1900 φαύλως
1605 1867 1650 1901 pr

346 1907 367 1938 6
392 1908 484 1937 πᾶσι
504 1903 542 1938 D
641 1906 660 1936 ⁷
684 1902 855 1947 ἐπιστολὴ
876 1902 1056 1948 μεμπτική
1084 1904 1119 1939 U
1210 1907 1231 1938 8
1257 1903 1389 1943 ἄλλους
1410 1904 1447 1939 Β
1472 1908 1550 1944 τοῖς
1574 1903 1698 1943 ἄλλοις

347 1949 560 1986 DPHWes
572 1949 648 1985 Her
696 1948 832 1991 κακίας
850 1948 873 1994 ἢ
893 1949 1043 1990 ἀδικίας
1058 1949 1250 1991 Ῐῖἀδικίας
1263 1951 1360 1986 ΡαΒ
1375 1962 1418 1995 pr
1433 1950 1512 1986 Mor
1559 1964 1697 1996 χαρακ-

345 2002 439 2042 τῆρα
458 1996 546 2032 libri
565 2009 610 2042 pr
621 1997 699 2032 Har
711 1997 792 2032 Mor
805 1997 880 2032 Hin
894 1998 978 2032 Wei
997 2009 1080 2033 corr
1093 1997 1182 2033 Wes
1245 2002 1264 2032 9
1285 1998 1306 2033 ὑ
1333 1995 1445 2040 ρίζειν
1472 1998 1700 2034 VUBDPH

346 2057 389 2090 pr
403 2045 479 2080 Har
488 2045 568 2080 Mor
636 2048 680 2080 10
698 2044 814 2080 πάλιν
828 2045 862 2079 V
929 2050 968 2080 11
990 2045 1030 2080 δὲ
1051 2056 1111 2080 om
1126 2046 1281 2081 VDPH
1325 2056 1365 2080 ar
1382 2045 1459 2079 Mor
1473 2045 1559 2080 Wes
1574 2044 1649 2079 Her

349 2097 390 2127 13
405 2091 457 2128 ὅτ’
474 2090 523 2127 ἂν
537 2093 596 2127 Pa
656 2096 698 2127 14
713 2092 906 2136 φεφύκασι
925 2093 1096 2129 VUPaD
1107 2093 1182 2127 Har
1195 2092 1270 2127 Hin
1282 2092 1489 2138 τυγχάνωσι
1503 2092 1582 2127 ΡΗ
1627 2092 1696 2127 εἰσι

346 2142 380 2174 B
399 2152 444 2185 pr
462 2136 528 2174 ὦσι
547 2143 732 2175 corrector
756 2139 894 2175 codicis
914 2139 1020 2174 Bodl.
1036 2141 1142 2174 Auct.
1158 2141 1185 2181 Ι,
1199 2140 1248 2174 IV
1267 2144 1289 2174 4
1314 2140 1365 2174 fo!
1382 2143 1424 2173 75
1476 2150 1620 2174 comma
1641 2140 1695 2173 in-

346 2187 443 2222 serui
469 2198 529 2221 om
547 2186 637 2221 libri
656 2187 728 2222 edd
847 2191 890 2222 15
917 2187 1038 2229 ἄνδρα
1070 2188 1134 2222 καὶ
1165 2187 1487 2230 περισπούδαστον
1512 2188 1551 2222 D
1571 2187 1649 2221 Har

349 2239 388 2269 16
408 2235 551 2278 ξενίσαι
566 2235 604 2270 D
624 2235 689 2269 sed
709 2247 725 2268 ε
746 2235 784 2269 et
798 2248 838 2269 αι
856 2246 936 2270 corr
949 2235 1006 2269 m²
1055 2232 1285 2275 κατόκνίσεις
1307 2235 1336 2270 U
1354 2234 1602 2277 κατοκνήσαις
1621 2234 1694 2269 ΙἮ

403 2309 525 2352 σαυτῷ
541 2306 581 2341 D
657 2309 698 2339 17
726 2305 790 2339 καὶ
809 2305 891 2349 ἐμοὶ
911 2306 1009 2341 ΡαΒ
1027 2317 1073 2349 pr
1091 2305 1172 2340 Mor
1221 2295 1509 2351 κεχαρισρι-ένὲΒ
1561 2308 1603 2340 18
1617 2305 1694 2340 ἐπι-

345 2352 453 2397 στολὴ
472 2352 646 2395 εἰρωνική
670 2352 710 2387 in
736 2363 843 2397 marg
867 2353 902 2388 U
997 2356 1039 2387 19
1065 2352 1301 2398 μεταβάλλεις
1327 2353 1421 2388 ΡαΒ
1434 2364 1479 2397 pr
1491 2351 1572 2387 Mor
1619 2351 1694 2387 ἀπὸ

347 2401 442 2436 ΡαΒ
455 2412 500 2445 pr
514 2400 593 2435 Mor
620 2398 678 2434 ἐπ’
702 2399 780 2434 Har
853 2403 897 2433 ‘20
918 2399 1040 2434 ὀκνῶν
1061 2401 1097 2434 R
1147 2400 1211 2445 ὡς]
1232 2400 1276 2433 οὐ
1298 2400 1336 2434 Ι)
1386 2399 1428 2434 οὐ
1454 2400 1553 2443 τοὺς]
1580 2398 1695 2438 οὕτως

348 2449 403 2483 Ρα
429 2447 492 2482 sed
520 2448 584 2487 οὺς
610 2459 721 2491 supra.
747 2460 805 2486 ως,
832 2447 968 2487 αὐτοὺς
994 2448 1074 2482 ΡΗ
