1872 2924
328 224 349 265 3
369 223 403 257 8.
441 219 507 256 ΒΕ
532 218 756 257 SYLLOGA
781 218 976 256 ALTERA
1000 230 1038 257 e:
1063 218 1194 256 VOSS.
1214 218 1291 256 GR..
1313 221 1357 254 ’17
1469 219 1526 262 75

156 310 377 363 epistulam
401 304 456 363 ἦ
479 309 548 349 fol.
570 310 647 349 24*
671 321 799 360 aeque
824 311 946 360 atque
968 308 1011 348 in
1031 308 1229 348 Vaticano
1250 309 1306 348 85
1326 308 1526 359 subscrip·

161 422 249 458 tum
274 420 336 458 cst
359 415 468 464 τέλος
491 415 535 469 βι
558 421 586 456 ἃ
615 413 814 457 ἐπιστολαὶ
844 429 917 470 ny:
950 435 996 446 -v
1021 416 1158 455 Etiam
1189 417 1230 456 in
1264 415 1525 467 sequentibus

160 477 290 518 tribus
309 476 436 525 libris,
449 488 619 527 quorum
638 475 833 516 secundus
847 476 915 516 fol.
930 477 1000 527 46,
1018 477 1164 515 tertius
1183 475 1250 515 fol.
1267 476 1337 525 69,
1356 478 1527 527 quartus

161 537 230 578 fol.
250 537 329 578 89⁷
354 535 518 586 desinit,
549 535 669 588 plena
693 538 755 576 est
779 548 871 575 cum
895 535 968 575 illo
994 536 1201 575 consensio
1226 537 1392 586 excepto
1417 534 1527 586 quod

159 595 403 648 subscriptio
433 593 540 644 τέλος
569 596 612 634 in
643 595 720 636 fine
750 594 845 635 libri
875 594 1040 635 secundi
1071 595 1193 635 deest.
1238 595 1318 635 Sed
1347 596 1391 634 in
1422 594 1527 634 libro

158 657 317 708 quinto,
342 656 412 707 qui
435 655 506 696 fol.
526 655 604 695 g9v
627 655 784 706 incipit,
809 655 931 695 codex
953 656 1153 695 iacturam
1172 655 1345 695 duorum
1364 656 1528 706 quater-

161 716 328 756 nionum
350 715 457 755 fecit.
494 715 599 755 Nam
624 715 691 754 fol.
721 716 796 755 95'
821 714 969 755 desinit
993 715 1154 766 quidem
1179 714 1312 755 verbis
1336 712 1404 755 καὶ
1428 714 1527 766 βου-

158 773 343 828 λομένοις
373 788 433 827 ep.
452 770 524 827 κη’
549 770 615 829 (-
635 770 756 829 411),
787 774 857 814 sed
881 775 949 815 fol.
971 775 1046 814 96¹
1075 775 1219 826 incipit
1249 774 1380 814 verbis
1410 779 1528 814 τοῦτο

159 834 320 876 ἔπαθον
344 847 404 886 ep.
424 831 460 875 ε’
479 834 574 874 libri
598 831 639 880 ς’
659 830 725 888 (-
746 830 867 888 598),
889 833 950 874 ita
974 837 1022 874 ut
1045 847 1134 875 cum
1160 834 1238 874 fine
1263 847 1324 885 ep.
1344 831 1414 886 κη’
1434 834 1529 874 reli·

161 908 270 947 quae
294 907 422 947 usque
447 894 499 934 ad
523 908 563 946 ρι
587 894 786 945 epistulae
810 894 906 933 libri
924 893 962 932 V
986 896 1028 934 et
1051 907 1144 934 cnm
1166 894 1286 934 initio
1311 907 1373 945 ep.
1392 891 1429 935 ε’
1447 895 1531 944 pri-

163 967 252 994 mae
283 956 477 1006 quattuor
499 954 696 1005 epistulae
721 954 816 993 libri
843 953 899 993 VI
923 949 990 1007 (=-
1011 949 1269 1008 412—496)
1296 953 1528 994 exciderint.

162 1013 274 1061 Quae
298 1027 361 1054 res
385 1026 466 1054 non
490 1015 620 1067 magis
645 1015 911 1054 attentionem
935 1014 1096 1055 lectoris
1120 1015 1231 1054 illius
1256 1013 1407 1054 saeculi
1431 1013 1529 1052 XVI

161 1073 321 1127 effugit,
354 1074 503 1125 quippe
534 1074 671 1125 quiin
696 1074 767 1114 fol.
788 1075 843 1114 96
876 1086 1032 1114 summo
1063 1073 1320 1114 adnotaverit
1349 1073 1531 1113 λείπουσι

160 1133 296 1185 φύλλα
314 1130 382 1179 ις’.
417 1132 538 1173 Liber
555 1135 690 1173 sextus
709 1133 778 1174 fol.
800 1134 884 1173 116
906 1146 1032 1184 aeque
1051 1136 1175 1184 atque
1194 1135 1236 1173 in
1255 1133 1455 1173 Vaticano
1470 1133 1528 1172 85

160 1193 499 1244 subscriptionem
523 1193 646 1233 habet
669 1191 777 1241 τέλος
801 1192 963 1246 βιβλίου
982 1190 1035 1239 ς’.
1070 1193 1173 1233 Item
1193 1205 1321 1244 aeque
1342 1194 1467 1244 atque
1486 1194 1530 1231 in

165 1254 238 1294 hoc
263 1253 481 1293 succedunt
505 1255 658 1304 septem
683 1253 871 1304 epistolia
897 1266 1067 1304 quorum
1090 1254 1266 1305 primum
1290 1252 1529 1303 inscriptum

165 1311 342 1365 λιβάνιος
367 1312 564 1369 φιλαγρίφ
589 1308 656 1365 (-
677 1307 795 1364 608),
821 1313 889 1352 sed
915 1314 956 1352 in
981 1313 1164 1365 margine
1187 1325 1356 1352 numero
1375 1309 1457 1366 (ηδ’
1478 1312 1532 1351 si-

166 1374 339 1425 gnatum
357 1374 419 1413 est
436 1384 565 1423 aeque
578 1374 699 1424 atque
718 1385 786 1413 sex
805 1373 963 1424 reliqua
980 1374 1156 1413 numeris
1170 1369 1369 1426 (ηε-ρκ’.
1394 1373 1529 1411 Etiam

167 1433 243 1472 hoc
272 1432 400 1472 codici
431 1445 521 1471 cum
545 1432 744 1473 Vaticano
777 1433 833 1473 85
866 1445 1075 1472 commune
1106 1435 1178 1482 est,
1209 1432 1317 1483 quod
1347 1432 1533 1483 sequitur

165 1492 326 1544 sylloga
355 1504 461 1532 nova
491 1491 753 1543 epistularum
784 1492 979 1543 inscripta
1009 1492 1192 1545 λιβανίου
1223 1497 1418 1543 σοφιστοῦ
1449 1489 1531 1531 ἐπι-

166 1551 317 1602 στολαί,
340 1551 411 1592 sed
434 1551 523 1592 loco
547 1551 821 1603 inscriptionis
845 1554 887 1591 in
913 1553 1094 1604 margine
1114 1552 1304 1592 Vaticani
1325 1552 1381 1592 85
1408 1563 1531 1591 manu

166 1623 341 1663 secunda
376 1622 516 1663 addita
545 1622 701 1675 βιβλίον
731 1624 753 1672 ζ
781 1625 893 1663 extat
923 1623 990 1663 hic
1018 1625 1061 1663 iu
1093 1624 1275 1676 margine
1306 1622 1395 1662 folii
1427 1623 1531 1662 116*

167 1684 266 1723 item
296 1696 420 1723 manu
451 1683 626 1722 secunda
650 1684 843 1734 scriptum
867 1681 978 1736 ἑτέρα
1001 1681 1113 1737 ἀρχή.
1150 1683 1262 1723 Haec
1286 1685 1421 1722 sutem
1448 1682 1532 1732 epi-

168 1742 370 1782 stularum
401 1742 597 1793 collectio,
627 1755 732 1794 quae
764 1743 958 1794 epistulas
991 1756 1016 1783 a
1039 1742 1211 1782 Libanio
1243 1755 1334 1782 sene
1359 1741 1532 1792 scriptas

167 1802 360 1852 continet,
384 1815 477 1852 non,
501 1804 549 1841 ut
565 1803 608 1841 in
626 1802 838 1853 Vaticano,
856 1804 901 1842 in
918 1802 996 1842 fine
1015 1802 1265 1852 detruncata,
1284 1802 1353 1842 sed
1371 1801 1533 1852 integra

169 1865 241 1902 est.
273 1861 378 1901 Nam
403 1862 549 1901 ultima
572 1875 594 1901 e
618 1876 700 1913 υαη
725 1862 911 1913 epistulis
936 1862 1003 1902 fol.
1026 1863 1135 1902 220'
1160 1858 1226 1916 (—
1246 1875 1306 1912 ep.
1328 1856 1464 1913 1112)
1488 1860 1531 1899 in

168 1921 286 1961 cunei
297 1921 466 1961 formam
480 1923 572 1960 exit.
593 1921 786 1972 Sequitur
797 1921 1036 1972 subscriptio
1049 1919 1248 1962 ἐπιστολαὶ
1262 1926 1332 1961 τοῦ
1345 1919 1531 1973 λιβανίου

169 1980 289 2033 χίλιαι
306 1980 430 2021 εἴκοσι
448 1979 515 2020 καὶ
528 1980 609 2032 μία.
635 1981 769 2020 Etiam
785 1981 836 2021 ad
849 1981 1055 2021 sinistram
1067 1981 1281 2021 verborum
1294 1980 1532 2019 ultimorum

169 2038 237 2079 καὶ
262 2037 509 2093 ἠνοχλῆσθαι
533 2053 656 2080 manu
681 2041 854 2080 secunda
877 2042 1070 2092 scriptum
1091 2043 1152 2080 est
1175 2038 1371 2081 ἐπιστολαὶ
1399 2039 1531 2092 χίλιαι.

173 2104 242 2139 τοῦ
268 2099 455 2152 λιβανίου
479 2099 598 2152 χίλιαι
615 2099 738 2140 εἴκοσι
756 2098 824 2140 καὶ
842 2100 926 2152 μία.
964 2100 1173 2140 Cori-ectus
1192 2102 1255 2140 est
1271 2099 1394 2139 codex
1414 2100 1532 2150 quat-

170 2162 263 2199 tuor
280 2158 478 2209 manibus,
497 2171 578 2199 una
594 2159 761 2199 librario
780 2160 859 2210 ipsi
878 2161 977 2199 satis
996 2160 1222 2211 propinqua
1238 2155 1303 2213 (—
1317 2153 1408 2213 ω’),
1427 2171 1533 2209 quae

173 2218 253 2258 alio
278 2219 414 2259 codice
437 2231 512 2258 usa
529 2231 615 2259 esse
632 2219 803 2270 videtur,
828 2223 867 2259 et
886 2219 1017 2260 tribus
1034 2219 1336 2267 recentioribus,
1361 2230 1533 2269 quarum

173 2278 447 2318 vetustissima
478 2290 531 2318 sc.
554 2274 738 2331 xvsxvl
772 2279 1007 2318 creberrime
1039 2279 1283 2330 conspicitur
1312 2273 1379 2332 (—
1397 2272 1477 2332 m³)
1486 2274 1534 2331 ²),

173 2337 302 2377 altera
331 2338 455 2388 paulo
485 2338 682 2378 recentior
706 2333 772 2390 (—
792 2333 870 2388 m‘)
896 2341 1120 2378 atramento
1145 2338 1381 2391 nigricanti,
1411 2339 1535 2377 tertia

234 2418 269 2458 1)
288 2415 390 2451 Haec
408 2416 640 2452 coniecturas
660 2426 700 2453 se
717 2426 926 2462 proponere
944 2415 1029 2462 ipsa
1046 2416 1158 2452 verbo
1177 2413 1282 2462 οἶμαι
1295 2426 1353 2462 ep.
1365 2419 1411 2451 ‘12
1430 2416 1534 2451 ante-

173 2462 295 2508 posito
319 2462 512 2499 indicavit.
