1872 2924
315 226 402 269 238
618 225 987 262 PROLEGOMENA
1012 225 1080 262 AD
1104 225 1365 263 EPISTULAS

314 326 452 354 omnes
484 314 654 364 codices,
688 315 756 364 qui
787 313 979 365 epistulas
1010 314 1278 364 continebant,
1308 314 1502 366 expilavit
1531 317 1669 369 itaque

316 374 516 426 ingentem
538 375 777 424 apparatum
798 373 939 425 coegit.
971 372 1061 419 Qua
1077 373 1120 412 in
1132 387 1174 413 re
1189 374 1386 424 quomodo
1398 377 1537 427 egerit,
1555 377 1671 416 audi-

317 445 431 473 amus
455 432 587 483 ipsum
611 433 739 471 multo
763 434 856 482 post
879 432 922 471 in
946 431 1119 483 epistula
1143 433 1207 472 die
1231 433 1293 472 III
1310 433 1394 473 Ian.
1420 447 1455 474 a.
1478 436 1591 475 1738
1617 436 1669 476 ad

315 492 506 531 Ioannem
525 491 774 531 Grammium
798 491 1031 531 scribentem
1041 486 1094 545 ¹):
1117 492 1186 531 Ex
1203 493 1393 541 Epistolis
1412 494 1455 533 in
1475 494 1670 534 Vaticana

315 551 528 591 admodum
551 563 718 600 paucae,
748 551 793 590 in
816 551 943 599 Reyia
966 551 1186 591 Pari-aiensi
1205 553 1413 600 pauciores
1434 565 1523 593 mea
1545 565 1668 594 manu

315 612 523 658 exaratae,·
538 611 606 650 sed
619 621 898 649 amanuensem
909 611 1068 650 minime
1079 611 1228 657 rudem,
1238 613 1378 660 patria
1389 611 1612 664 Norvequm
1620 607 1671 665 ³),

314 670 383 718 qui
398 681 475 719 per
492 668 693 719 Angliam,
721 669 899 709 Galliam
924 672 959 708 et
975 670 1140 709 Italiam
1162 670 1259 709 mihi
1281 672 1500 720 famulatus
1525 675 1590 722 est,
1614 672 1671 712 ad

314 730 418 768 hanc
441 740 598 778 operam
623 729 797 775 adhibui,
821 739 1025 778 omnesque
1050 731 1084 768 et
1103 730 1281 778 singulas
1300 741 1387 769 cum
1404 731 1490 780 ipso
1507 731 1671 781 diliyen-

315 791 374 827 ter
398 791 432 827 et
447 800 526 837 pro
551 791 668 837 captu
691 799 774 827 meo
795 791 927 827 carate
944 789 1073 837 releyi,
1098 791 1132 828 et
1150 800 1236 827 cum
1254 789 1352 838 ipsis
1370 790 1564 831 codicibus
1580 802 1669 831 con-

315 847 397 888 tuli.
436 846 577 889 Omnes
595 850 725 887 autem
743 858 789 887 ex
807 845 1045 902 αὐτογρᾶφῳ
1065 847 1278 897 descriptae
1294 851 1407 893 swnt:
1430 861 1526 889 nam
1542 861 1670 890 recen·

314 907 481 946 tim-ibus
506 907 742 957 apoyraph-is
765 907 888 945 nullis
911 918 1009 945 usus
1031 918 1129 946 sum.
1167 907 1214 945 In
1239 919 1285 947 eo
1304 907 1466 958 quidem
1484 909 1590 959 quod
1607 909 1670 948 ul·

317 966 418 1005 timo
448 966 536 1005 loco
567 966 668 1005 dicit
696 966 888 1005 memoria
919 978 1012 1005 eum
1042 966 1198 1009 defecit.
1235 966 1336 1006 Nam
1369 966 1562 1018 epistulas
1589 981 1669 1007 non

315 1038 452 1066 omnes
479 1039 499 1064 e
526 1025 710 1066 Parisino
735 1025 860 1077 Regio
885 1026 1071 1075 Maximo,
1096 1025 1163 1064 sed
1189 1038 1236 1064 ex
1260 1028 1492 1079 apographo
1509 1027 1671 1067 Boivini

313 1084 536 1135 descriptas
574 1097 657 1125 esse
694 1085 780 1135 ipse
816 1086 990 1125 testatur
1025 1084 1067 1123 in
1098 1084 1276 1136 margine
1314 1085 1365 1124 ad
1395 1099 1455 1137 ep.
1482 1087 1566 1126 109
1598 1087 1669 1125 ad·

314 1145 478 1184 notans:
514 1144 627 1183 Haec
663 1146 718 1183 est
746 1145 883 1193 prima
921 1144 1082 1193 epistola
1118 1155 1254 1184 carum
1284 1156 1383 1193 quae
1412 1145 1467 1185 ad
1502 1156 1668 1195 apoyra-

307 1204 435 1252 plnum
472 1203 558 1243 Dm·
589 1203 756 1242 Ioannis
792 1203 971 1242 Boivinii
1004 1203 1218 1253 descriptae
1240 1207 1348 1254 sunt,
1372 1205 1511 1244 ult-ima
1540 1207 1669 1245 autem

314 1265 371 1302 cst
402 1259 497 1302 τκθ’
523 1257 734 1318 Ἀνατολίῳ
768 1257 831 1316 (=
862 1257 980 1315 339).
1019 1262 1097 1302 Sed
1133 1262 1175 1301 in
1204 1262 1368 1314 reliquis
1397 1276 1477 1303 non
1509 1265 1571 1304 est
1599 1277 1672 1304 cur

315 1321 434 1361 fidem
464 1322 501 1361 ei
534 1322 785 1373 denegemus.
822 1321 901 1362 Pro
933 1321 1192 1361 fundamento
1222 1323 1392 1373 sumpsit
1421 1325 1463 1362 et
1491 1322 1577 1374 ipse
1604 1335 1668 1363 co-

316 1381 443 1420 dicem
470 1381 584 1420 illum
608 1380 836 1421 Parisinum
862 1381 996 1420 2962:
1019 1393 1112 1420 nam
1137 1381 1304 1421 Parisiis
1321 1382 1492 1433 primam
1510 1383 1668 1422 itineris

314 1439 411 1480 fecit
441 1440 655 1480 stationem
688 1443 729 1480 et
759 1440 828 1480 ille
859 1441 1036 1480 omnium
1065 1440 1328 1480 bibliothecae
1353 1441 1558 1482 Parisinae
1585 1442 1669 1481 fuit

314 1499 597 1550 amplissimus,
620 1503 664 1539 ut
682 1498 955 1551 Rostgaardus
980 1512 1068 1538 eum
1096 1499 1265 1551 Regium
1290 1501 1509 1540 Maximum
1533 1501 1672 1552 appel·

314 1560 400 1598 lare
434 1559 631 1610 potuerit,
668 1562 709 1599 et
744 1560 787 1598 in
820 1559 1002 1610 margine
1036 1559 1256 1611 apographi
1289 1560 1479 1600 lectiones
1510 1559 1561 1600 ab
1594 1560 1668 1600 hoc

313 1618 542 1658 recedentes
575 1618 754 1659 codicum
788 1631 888 1668 quos
921 1619 1064 1669 postea
1096 1619 1285 1670 cognovit
1315 1619 1383 1659 sed
1412 1631 1560 1671 paucas
1598 1619 1665 1658 ad-

314 1678 483 1717 notavit.
521 1677 732 1728 Epistulae
762 1677 879 1718 huius
909 1677 1056 1717 codicis
1080 1690 1168 1717 cum
1193 1678 1395 1719 nonnullis
1419 1678 1544 1718 trium
1569 1678 1669 1719 alio·

313 1750 403 1775 rum
433 1736 612 1777 codicum
640 1736 914 1777 Parisinorum
944 1738 1118 1787 primum
1148 1736 1327 1776 efficiunt
1353 1739 1571 1789 apparatus
1597 1751 1666 1778 vo·

315 1796 472 1845 lumen3
510 1796 724 1836 secundum
756 1796 951 1847 epistulae
989 1796 1039 1835 ab
1071 1796 1146 1836 hoc
1176 1795 1358 1838 absentes
1388 1809 1489 1848 quas
1524 1798 1670 1837 itinere

314 1868 350 1896 a.
374 1855 486 1894 1698
518 1856 561 1894 in
591 1855 753 1895 Italiam
779 1855 1012 1895 continuato
1042 1855 1084 1894 in
1115 1855 1365 1897 bibliothecis
1389 1855 1669 1906 Ambrosiam,

314 1914 547 1964 Mutinensi,
583 1914 872 1964 Laurentiana,
909 1914 1099 1954 Romanis
1134 1915 1299 1954 invenit.
1341 1915 1564 1956 Marcianos
1601 1928 1665 1955 co-

313 1973 421 2012 dices
452 1973 581 2013 obiter
613 1973 805 2025 inspexit3
838 1973 1012 2024 reliquas
1036 1973 1299 2015 bibliothecas
1322 1986 1402 2014 non
1427 1973 1539 2014 adiit.
1573 1974 1665 2014 Non

313 2032 445 2071 defuit
473 2032 661 2072 iudicium
690 2033 886 2083 criticum,
915 2035 962 2072 ut
985 2046 1006 2073 e
1030 2034 1128 2073 nota
1152 2032 1201 2072 de
1225 2033 1425 2074 codicibus
1449 2033 1667 2075 Mutinensi

312 2091 353 2130 A
375 2093 418 2131 et
443 2092 477 2132 V
494 2093 535 2131 et
560 2092 621 2132 Va
652 2104 773 2143 supra
803 2106 841 2143 p.
862 2093 916 2132 87
947 2092 1151 2143 publicata
1176 2093 1354 2143 apparet.
1391 2091 1470 2132 Sed
1493 2094 1540 2132 ut
1562 2092 1664 2132 nihil

313 2151 442 2190 dicam
469 2151 570 2190 male
595 2151 784 2192 accidisse
809 2151 914 2202 quod
941 2164 988 2191 ex
1012 2151 1244 2203 apographo
1269 2150 1474 2191 exordium
1494 2153 1665 2203 sumpsit

312 2227 631 2312 assissi-
650 2228 1667 2322 {wis{3s22553⁸s31fi23⁰3ffl3311⁰ffl3

313 2321 378 2358 fol.
389 2325 470 2358 412.
508 2322 562 2359 cf.
583 2333 698 2369 supra
720 2335 757 2370 p.
778 2326 836 2359 60.

373 2372 410 2415 2)
434 2369 577 2405 Nomen
598 2371 632 2406 ei
652 2372 735 2406 erat
751 2370 890 2416 Jorgen
909 2369 1151 2416 Schielderoy
1169 2370 1373 2407 secundum
1392 2369 1664 2415 Werlauffium‚

312 2416 523 2453 Historiske
553 2417 851 2464 Efterretninger
881 2417 1007 2454 omdet
1036 2419 1135 2454 stote
1164 2417 1374 2465 Kongelige
1403 2417 1620 2455 Bibliothek
1649 2416 1665 2453 i

311 2463 596 2510 Kiobenhaven‚
619 2464 888 2502 Kiobenhaven
914 2468 1018 2510 1844,
1045 2468 1123 2501 149.
