1872 2924
385 239 406 280 ς
428 239 461 272 ο.
498 235 565 273 nn
589 235 815 274 comer.
841 221 1010 275 mcii).
1036 238 1290 277 immun
1429 241 1512 285 15⁷

155 324 252 365 552.
280 325 378 365 553.
409 324 579 365 Fontem
598 339 620 366 e
638 338 721 377 qno
739 326 856 367 fluxit
878 329 960 367 ism
986 340 1149 368 menum
1172 329 1515 381 interpolatricem

150 387 358 435 expertum
374 396 460 425 esse
473 384 589 426 docet
606 385 848 427 embolimon
861 387 899 427 ei
911 400 999 427 cum
1014 388 1140 428 Paris.
1152 390 1236 428 207
1242 390 1267 428 5
1281 386 1381 443 (vid.
1391 402 1514 442 supra

148 445 286 496 p.131
309 457 347 484 n.
363 439 470 498 102)
494 444 536 484 in
559 457 622 497 ep.
637 446 726 486 300
749 443 806 499 (X
827 443 980 501 282‚1)
1005 459 1223 488 commune.
1261 449 1513 491 Examinsvi.

210 503 364 544 Auctor
392 504 544 544 fontem
574 517 655 546 non
686 506 807 546 semel
837 508 880 546 in
911 519 1027 547 suum
1056 519 1169 547 usum
1196 510 1413 558 convertit,
1442 510 1513 551 sed

147 562 367 604 identidem
391 564 609 604 secundum
634 578 780 618 genere.
804 566 1072 617 epistularum
1090 567 1282 608 delibans.
1315 568 1412 609 Inde
1431 570 1513 610 fec-

146 624 236 663 tum
262 625 342 674 est,
372 624 420 663 ut
449 624 667 675 opimum,
698 638 799 676 quas
829 627 989 666 exulare
1021 627 1140 667 iussit
1164 627 1416 679 Lacapenus,
1446 629 1514 669 hic

146 682 318 723 diversis
348 686 608 735 compereunt
636 684 746 725 locis.
796 685 899 726 Sunt
923 686 1119 738 epistulae
1143 689 1320 727 numeris
1344 690 1513 729 cursivis

146 742 366 795 insignitae
396 755 533 784 omnes
563 745 739 796 exceptis
772 746 857 785 333
889 748 932 786 et
962 747 1060 786 552.
1104 747 1152 786 In
1182 746 1439 789 describendo
1463 748 1514 788 li-

146 801 304 842 brarius
334 814 478 854 parum
507 803 724 856 diligenter
747 808 929 846 versatus
959 809 1020 846 est
1049 819 1177 858 neque
1209 809 1423 859 quicquam
1447 821 1512 849 co-

146 861 229 901 dici
252 862 375 913 pretii
400 863 529 903 critici
554 865 626 903 est.

207 921 520 973 Tnnssumptu
533 925 628 963 sunt
639 924 850 974 epistulae,
863 937 967 976 quse
979 925 1147 966 deerunt
1158 927 1202 966 in
1214 926 1461 968 Bai-occiano
1472 928 1513 980 4,

142 981 187 1020 in
208 982 540 1034 apographum
559 982 981 1036 Lengbsinianum
1004 985 1077 1026 sub
1096 987 1271 1027 numeris
1286 988 1510 1028 268-285

144 1042 269 1093 etque
293 1041 388 1082 hinc
411 1042 455 1081 in
480 1040 791 1085 Olearisnnm
817 1046 858 1084 et
883 1044 1191 1097 Wolfisnum3
1215 1047 1265 1086 cf.
1289 1059 1414 1098 supra.
1437 1046 1512 1087 sub

147 1114 255 1140 num.
278 1102 525 1142 158-160.
567 1102 816 1143 Examinavi.

207 1159 308 1200 Cum
320 1160 567 1202 Bai-occiano
583 1163 608 1202 9
623 1163 706 1202 fere
718 1164 881 1205 omnino
894 1164 1092 1216 congruit,
1104 1167 1155 1205 ut
1167 1178 1215 1205 ex
1228 1178 1274 1206 eo
1288 1165 1512 1218 descriptus

144 1232 230 1260 esse
255 1220 459 1272 videatur,

211 1292 309 1334 169.
333 1293 742 1335 Aurelianensis
763 1295 789 1334 3
816 1290 881 1350 (—
898 1291 1002 1350 Aur)
1034 1297 1160 1336 chert,
1185 1298 1336 1338 foi-mse
1367 1300 1584 1349 quarm-12

144 1363 199 1391 sc.
218 1351 294 1392 XV
313 1354 472 1392 exeunt.
496 1353 562 1393 vel
586 1353 683 1393 XVI
703 1355 875 1407 ineunt„
900 1356 970 1407 qui
995 1356 1092 1396 olim
1118 1356 1197 1396 fuit
1220 1356 1343 1397 Guil.
1363 1357 1513 1398 Prou-

143 1413 284 1452 stenu
308 1413 412 1452 teste
429 1413 693 1465 inscriptione
718 1414 775 1455 fol
802 1416 847 1455 2:
871 1416 933 1455 hic
956 1415 1055 1457 liber
1071 1417 1150 1465 suit
1170 1415 1277 1457 Guil.
1291 1417 1514 1458 Βοιωτίων

143 1474 326 1512 anteccss.
357 1472 482 1513 aurel.
517 1485 626 1514 nunc
655 1476 712 1513 est
739 1486 838 1515 uene
866 1476 1027 1516 maios.
1057 1477 1232 1516 onmium
1261 1477 1330 1516 fol.
1352 1478 1511 1518 2-93.

147 1531 211 1571 Ab
241 1531 314 1572 ino
345 1545 395 1572 ne
425 1533 469 1572 in
498 1533 677 1573 minimis
702 1534 862 1585 quidem
886 1534 1003 1576 rebus
1034 1535 1187 1575 recedit
1211 1537 1375 1588 excepto
1401 1536 1511 1589 quod

143 1593 238 1642 post
267 1603 408 1631 comm.
434 1605 495 1644 ep.
519 1595 569 1632 11
598 1593 722 1634 etiem
754 1594 855 1634 elias
886 1595 1080 1647 epistulas
1110 1597 1218 1635 inter
1242 1596 1440 1636 Basilium
1468 1599 1512 1637 et

143 1650 359 1691 Libanium
390 1656 552 1692 mutuas
583 1652 744 1693 exhibet
772 1655 815 1693 et
844 1655 951 1705 quod
982 1655 1024 1694 in
1049 1668 1111 1706 ep.
1132 1656 1218 1695 552
1250 1656 1509 1708 antepmul·

144 1710 247 1751 tima
277 1710 408 1752 verbis
439 1725 486 1763 με
517 1715 610 1768 νικᾷ
640 1710 708 1753 καὶ
731 1712 778 1753 τὰ
803 1711 899 1754 ὄντα
924 1711 981 1767 (Χ
1000 1715 1100 1764 517,
1116 1710 1192 1769 12)
1216 1715 1382 1766 desinit,
1414 1716 1509 1756 ulti·

144 1783 254 1810 mam
278 1766 407 1826 (553)
432 1773 594 1812 omnino
618 1773 920 1823 praetermittit.
952 1773 1183 1826 Sequuntur
1207 1776 1387 1815 carmine
1413 1775 1509 1816 Gre-

143 1830 251 1882 gorii
274 1830 386 1880 Naz„
410 1830 581 1883 denique
606 1832 804 1884 epistulae
828 1836 994 1874 mutuae
1019 1832 1087 1885 (cf.
1107 1835 1215 1874 infra
1238 1835 1312 1875 sub
1336 1849 1375 1875 n.
1390 1831 1510 1889 414).

205 1890 339 1930 Meum
351 1890 394 1930 in
407 1903 524 1931 usum
537 1892 783 1933 examinavit
791 1893 967 1934 codicem
978 1893 1154 1934 Parisios
1166 1895 1334 1935 missum
1347 1907 1383 1934 n..
1394 1895 1508 1935 1876

148 1947 315 1990 Cei-olus
339 1949 487 1991 Graux.

205 2009 270 2049 Ad
299 2009 406 2049 idem
437 2010 641 2062 exemplar
668 2013 791 2063 etque
816 2011 979 2054 Bsrocc.
1002 2014 1027 2053 9
1054 2015 1095 2053 et
1119 2013 1327 2055 Aurelian.
1348 2015 1373 2054 3
1405 2013 1512 2054 redit

146 2068 284 2122 ecloga
307 2069 492 2120 pluribus
517 2070 722 2111 codicibus
747 2074 928 2123 servate,
955 2085 977 2113 e
1002 2072 1147 2124 quibus
1172 2074 1303 2124 primo
1327 2074 1416 2114 loco
1440 2086 1510 2114 no-

143 2128 359 2169 minandus
384 2132 447 2169 est

209 2201 304 2241 170.
332 2200 596 2242 Vaticanus
621 2215 686 2254 gr.
714 2204 798 2243 953
825 2215 878 2243 sc.
898 2199 1027 2257 XV¹).
1066 2203 1218 2257 Ecloga
1242 2204 1310 2245 fol.
1332 2206 1510 2245 34—70

142 2258 373 2299 continetur
390 2260 652 2313 inscriptione
670 2262 798 2313 privs..
835 2262 939 2303 Sunt
963 2277 1024 2315 ep.
1045 2265 1144 2304 617.
1167 2266 1264 2304 197.
1287 2265 1415 2315 1058,
1439 2264 1510 2305 sed

142 2319 226 2359 iam
249 2320 293 2359 in
318 2333 379 2371 ep.
401 2320 485 2360 636
512 2320 671 2361 desinit.
714 2321 885 2374 Inspexi.

204 2379 265 2418 Ex
290 2379 429 2419 eodem
454 2392 533 2431 quo
552 2380 774 2422 Vaticanus
793 2396 851 2435 gr.
867 2383 952 2423 953
979 2382 1199 2433 exemplari
1222 2383 1428 2424 derivatus
1447 2391 1512 2425 est

207 2481 242 2526 ι)
266 2479 321 2517 cf.
347 2483 373 2518 ι
386 2479 471 2517 Vm
490 2484 558 2519 ⁸⁸1
585 2494 621 2519 n.
635 2486 717 2520 ses.
