1872 2924
495 206 517 248 ς
536 205 569 238 5.
608 201 674 238 ΒΕ
698 199 951 238 comcmus
975 198 1164 237 maele
1187 201 1202 237 1
1440 198 1523 241 127

162 295 262 337 558.
288 293 386 334 528.
414 293 512 333 639.
539 292 609 332 97.
636 291 703 331 98.
732 290 858 331 1058.
880 290 936 330 86
947 284 994 343 ¹).
1027 288 1214 340 Exceptis
1239 287 1423 340 epistulis
1447 288 1527 327 Bs-

161 353 243 395 silii
262 355 304 394 et
321 351 483 393 Libsnii
506 351 658 391 mutuis
682 352 724 390 et
747 350 880 401 prims
904 349 1026 389 huius
1050 348 1214 401 eclogae
1237 343 1368 403 (819)
1389 359 1528 388 omnes

159 414 238 454 etsi
268 412 407 453 ordine
438 410 555 452 valde
586 412 744 450 mutato
767 410 811 450 in
829 408 1202 450 Wolfenbuttelsno
1224 410 1374 448 extant.
1405 407 1526 460 Igno-

159 476 227 514 tus
248 473 399 514 mansit
415 470 539 512 codex
557 469 820 523 Rostgmdo.
852 469 946 509 Mea
969 468 1104 521 gratia
1128 468 1327 519 excerpsit
1345 466 1525 507 Guende·

160 533 267 574 linus
291 532 477 575 Foerster
500 543 537 570 s..
557 531 685 571 1873.
724 529 963 569 Ειιωὶιιανὶ
989 541 1025 569 s.
1050 529 1178 569 1880.

221 591 425 633 Secundus
449 590 571 632 codex
596 602 644 629 ex
664 589 804 629 eodem
828 601 907 640 quo
923 587 1320 628 Wolfenbuttelsnus
1344 587 1528 638 exemplo

159 654 370 703 excerptus
394 652 456 691 est

223 725 293 765 99.
319 722 588 763 Chalcenus
614 721 810 762 scholae
838 720 1131 772 emporicse,
1155 719 1251 759 olim
1271 719 1599 759 monaste-53⁰1

160 783 225 823 rii
244 782 497 824 Theotoku
519 782 617 831 157,
642 781 767 820 chart.
786 781 938 821 formae
960 782 1036 820 oct.
1056 791 1109 821 sc.
1122 779 1197 818 XV
1215 779 1283 819 fol.
1301 779 1526 818 221-244

162 839 228 899 (—
251 838 349 898 011).
396 842 471 882 Est
498 841 770 893 fragmentum
799 842 941 892 postes.
970 839 1090 880 modo
1121 851 1146 878 e.
1175 839 1404 891 bibliopego
1435 851 1528 878 cum

161 903 321 955 relique.
350 904 467 954 parte
490 901 658 951 codicis,
687 901 760 952 qui
783 900 835 940 ab
859 912 999 940 umore
1022 912 1216 952 magnum
1241 898 1528 938 detrimentum

163 963 283 1015 cepit,
306 962 560 1002 coniunctum
570 956 617 1015 ¹).
642 960 793 1012 Incipit
815 959 948 1000 verbis
972 958 1048 1000 οὐκ
1072 957 1339 1013 ἀγνοήσαντες
1363 971 1423 1009 ep.
1441 960 1525 998 127

163 1017 220 1079 (Χ
247 1017 419 1075 129,4).
458 1020 691 1072 Sequuntur
714 1033 775 1072 ep.
797 1021 895 1060 136.
924 1021 1021 1061 131.
1049 1020 1147 1059 511.
1177 1020 1272 1058 137.
1302 1019 1399 1059 143.
1428 1019 1526 1058 150.

165 1084 263 1123 167.
285 1082 413 1122 1153.
437 1081 533 1121 163.
557 1082 653 1121 173.
676 1081 773 1121 175.
798 1080 895 1119 182.
925 1079 1022 1119 184.
1052 1080 1148 1119 192.
1178 1079 1274 1118 195.
1302 1079 1401 1117 210.
1428 1079 1528 1117 221.

165 1143 264 1183 224.
279 1142 383 1183 226.
404 1142 504 1181 237.
523 1141 622 1180 323.
644 1140 771 1180 1288.
794 1140 893 1180 947.
911 1141 1010 1180 956.
1026 1140 1123 1179 957.
1138 1140 1382 1179 410.1231.
1399 1138 1528 1178 1233.

167 1203 293 1242 1232.
317 1202 444 1242 1228.
467 1201 593 1240 1202.
622 1202 748 1240 1171.
777 1200 903 1240 1158.
931 1200 1060 1239 1134.
1089 1199 1216 1238 1173.
1244 1199 1371 1238 1168.
1400 1198 1530 1238 1170.

168 1262 295 1302 1147.
329 1261 457 1301 1195.
490 1261 618 1300 1203.
651 1261 750 1300 964.
783 1261 880 1300 972.
915 1259 1043 1299 1016.
1078 1259 1205 1298 1048.
1241 1259 1367 1298 1010.
1399 1258 1527 1298 1006.

168 1323 297 1363 1004.
318 1321 416 1362 995.
438 1321 536 1360 965.
559 1320 686 1360 1080.
709 1321 806 1360 911.
828 1320 926 1360 907.
948 1320 1047 1359 819.
1068 1319 1165 1358 962.
1189 1319 1287 1358 274.
1310 1318 1439 1357 1229.
1459 1317 1530 1356 67.

167 1382 265 1422 632.
287 1381 371 1421 301
406 1380 504 1420 503.
525 1381 593 1420 37.
626 1378 738 1426 Quae
762 1378 1026 1431 epistularum
1047 1378 1337 1418 numerationis
1355 1377 1530 1429 vestigia.

165 1440 434 1493 dispiciuntur
467 1451 595 1490 pauca
628 1436 707 1491 μζ’,
737 1435 786 1490 ν’,
816 1433 884 1492 ξβ’
914 1438 966 1478 sd
1002 1438 1225 1490 marginem
1262 1437 1529 1488 epistularum

164 1500 285 1541 hodie
309 1513 415 1540 num.
437 1500 507 1549 29,
533 1501 602 1550 32,
626 1500 684 1539 44
709 1499 947 1550 gerentium,
970 1498 1210 1538 documento
1227 1499 1323 1537 sunt
1346 1497 1388 1535 in
1409 1496 1530 1536 initio

170 1561 224 1601 18
250 1560 446 1612 epistulas
471 1559 675 1610 excidisse,
699 1559 741 1598 id
766 1558 875 1610 quod
899 1560 1006 1598 recte
1025 1557 1130 1598 vidit
1148 1556 1432 1608 Papsdopulus
1451 1556 1527 1595 Ke-

165 1631 327 1660 rmem
353 1620 418 1659 38.
451 1618 588 1670 Usque
606 1618 658 1659 sd
679 1620 763 1659 907
783 1618 1019 1670 plerumque
1043 1630 1134 1658 oum
1155 1616 1531 1657 Wolfenbuttelsno

164 1680 207 1719 in
234 1679 373 1720 ordine
397 1679 583 1732 congruit
607 1680 771 1730 excepto
792 1678 898 1729 quod
920 1677 1147 1728 complures
1172 1678 1322 1727 extant,
1348 1688 1452 1727 quae
1477 1675 1532 1715 ab

164 1740 242 1780 hoo
266 1738 427 1789 absunt,
450 1751 533 1778 uns.
551 1733 680 1793 (250)
705 1738 829 1789 deest,
853 1750 957 1789 quse
981 1737 1025 1777 in
1048 1737 1125 1776 hoc
1147 1738 1255 1776 inter
1275 1737 1359 1776 143
1380 1738 1422 1775 et
1442 1736 1530 1775 150

164 1800 287 1840 extst.
324 1798 503 1839 Ultimae
529 1799 554 1838 9
581 1798 781 1849 epistulae
811 1797 975 1837 aliunde
1005 1800 1200 1848 sumptae·
1221 1798 1326 1837 sunt.
1368 1795 1529 1835 Paucae

166 1859 365 1911 epistulae
384 1858 548 1898 nomint.
565 1870 702 1897 eorum
727 1856 779 1897 sd
797 1869 900 1909 quos
923 1857 1042 1897 datae
1067 1859 1164 1896 sunt
1186 1857 1230 1896 in
1253 1857 1381 1905 textu,
1406 1855 1532 1906 paulo

165 1919 303 1970 plures
319 1919 363 1958 in
382 1917 574 1970 margine,
591 1917 806 1969 pleraeque
825 1916 987 1957 omnino
1006 1929 1086 1957 non
1104 1915 1264 1956 habent.
1288 1915 1530 1964 Nonnullae,

166 1979 214 2018 ut
240 1979 324 2018 173
350 1980 393 2017 et
419 1978 524 2027 184,
552 1977 596 2016 in
618 1976 697 2017 fine
721 1976 888 2016 mutilae
918 1978 1022 2016 sunt.
1066 1975 1112 2015 In
1137 1975 1369 2015 universum
1394 1975 1533 2014 textus

166 2037 244 2077 fide
274 2037 382 2077 cedit
407 2036 779 2077 Wolfenbuttelsno
808 2035 1144 2088 potissimumque
1173 2034 1456 2075 omissionibus
1487 2036 1531 2074 et

165 2096 545 2148 transpositionibus
563 2098 704 2146 scatet,
721 2098 770 2136 ut
785 2107 931 2147 parum
946 2095 1092 2148 dignus
1113 2094 1178 2144 sit,
1198 2095 1271 2146 qui
1289 2093 1532 2134 adhibeatur

167 2157 248 2196 nisi
271 2156 344 2196 ubi
366 2156 436 2195 ille
460 2155 605 2196 deficit.
636 2155 860 2196 Collatione
883 2152 1092 2206 publicata
1116 2167 1142 2195 s
1165 2154 1427 2206 Papsdopulo
1451 2153 1529 2193 Ke-

167 2229 303 2256 remeo
324 2217 350 2255 L
370 2216 396 2257 1.
421 2229 459 2267 p.
481 2216 645 2255 38-42
669 2227 768 2255 usus
791 2228 891 2256 sum.
921 2214 1014 2266 Ipse
1039 2214 1212 2255 codicem
1240 2227 1275 2254 s.
1298 2214 1412 2254 1896
1439 2226 1528 2252 exe·

231 2307 266 2353 1)
290 2306 446 2343 Duobus
476 2305 580 2343 foliis
603 2305 732 2342 vacuis
760 2305 904 2342 relictis
936 2307 1146 2352 sequuntur
1171 2303 1358 2352 epistulae
1382 2303 1530 2350 Synesii

168 2353 401 2400 dierumque
425 2353 561 2401 epistol
655 2353 826 2400 phorum.

169 2401 560 2496 nigssfilgg'gzdopuh·
612 2412 783 2439 ereneus
804 2405 859 2438 1⁸.
879 2404 937 2446 88,
961 2400 1029 2446 qui
1052 2400 1308 2447 fngmontum
1329 2399 1460 2436 litters
1477 2398 1532 2434 X*
