1872 2924
348 223 407 266 80
651 223 1017 260 PROLEGOMENA
1042 225 1109 260 AD
1134 225 1393 262 EPISTULAS

347 312 588 351 humanitate
618 313 669 351 D.
699 312 870 352 Clericus
902 325 947 352 ex
975 313 1101 352 MST.
1127 308 1290 367 Reyio1)
1323 327 1434 363 quem
1463 316 1699 356 commodato

345 372 444 409 mihi
478 373 522 410 in
558 373 658 410 hanc
693 372 827 411 urbe-m
863 373 1024 411 miserat
1054 373 1098 412 V.
1126 372 1167 412 (J.
1193 373 1318 413 Nicol.
1343 374 1540 423 Riyaltius
1569 375 1619 414 A.
1645 377 1698 415 D.

353 432 466 468 1643
476 425 521 483 Ξ).
546 431 643 469 Fuit
660 430 844 481 deinceps
863 431 1066 470 Antonii
1091 433 1145 471 de
1163 432 1388 471 Marville
1413 436 1514 472 teste
1533 434 1699 484 inscrip-

348 490 457 528 tione
488 503 610 540 supra
639 490 753 529 illam
782 490 932 541 posita:
957 491 1024 530 Ex
1053 492 1117 530 lib.
1143 490 1236 530 Ant.
1265 493 1312 530 cle
1335 493 1525 532 Marville
1550 494 1698 533 Valent.

353 550 478 597 1694,
505 549 746 598 Duboisii‚
767 550 1036 589 Christiani
1055 550 1294 589 Friderici
1313 552 1697 601 Boerneri,Wol··

349 608 410 645 fii
440 609 510 658 qui
540 608 713 648 codicem
745 609 794 647 ab
820 609 894 648 hoc
919 609 1022 649 dono
1049 611 1202 660 accepit
1226 613 1266 649 et
1289 610 1551 650 bibliothecae
1576 611 1699 650 Ham·

348 666 536 718 burgensi
561 669 722 719 legavit.
759 668 850 707 Non
876 681 1009 707 omnes
1030 671 1207 708 continet
1226 670 1430 719 epistulas,
1455 671 1523 709 sed
1541 673 1697 709 tantum

352 727 434 764 793
462 729 622 766 auctore
643 727 786 767 Wolfio
795 722 829 780 ⁸)
856 728 919 767 vel
943 729 1025 767 796
1047 731 1208 768 auctore
1227 729 1410 780 catalogo
1429 730 1700 780 manuscripto

352 785 622 835 bibliothecae,
648 787 726 825 nisi
749 787 792 825 id
816 787 923 837 quod
942 789 1116 827 statuere
1135 789 1252 836 malo,
1276 788 1319 826 in
1338 789 1411 827 hoc
1431 802 1592 828 numero
1615 790 1698 828 796

351 857 461 883 error
483 845 589 884 inest
611 846 767 885 librarii
794 848 876 886 996
904 847 1073 886 scribere
1098 847 1278 886 volentis.

275 909 346 941 481
412 905 478 943 25.
494 905 690 944 'Alterum
722 907 998 956 apographum
1024 906 1198 945 Clericus
1229 906 1306 945 sibi
1335 906 1413 956 ipsi
1444 907 1549 946 fecit.
1587 906 1699 952 Quod

351 966 565 1014 postquam
598 967 685 1003 iure
720 965 954 1004 hereditatis
986 965 1036 1004 ad
1067 965 1258 1005 Ioannem
1291 965 1486 1004 Clericum
1515 967 1701 1016 nepotem

350 1019 586 1077 pervenit⁴)‚
613 1037 646 1063 a.
676 1026 788 1063 1735
822 1025 872 1063 ab
897 1025 1041 1064 Iacobo
1073 1025 1259 1075 Philippo
1291 1023 1493 1064 D’Orville
1525 1027 1701 1074 emptum

349 1084 428 1130 est,
465 1083 582 1122 hodie
619 1084 661 1121 in
694 1083 934 1123 bibliotheca
965 1084 1231 1124 Bodleiana
1260 1086 1366 1122 inter
1396 1085 1550 1123 codices
1581 1085 1700 1123 Dor-

349 1142 581 1182 villianos
607 1144 788 1182 servatur
813 1144 849 1182 X
867 1143 897 1181 I.
920 1145 958 1193 3,
985 1138 1066 1197 8⁵).
1099 1143 1145 1181 In
1171 1143 1267 1183 folio
1292 1143 1465 1193 praefixo
1491 1157 1614 1182 manu
1637 1143 1699 1182 Io-

350 1201 464 1239 annis
491 1197 678 1255 Clerici⁶)
710 1203 902 1252 scriptum
935 1205 1012 1242 est:
1045 1204 1265 1251 Exscripsit
1292 1204 1405 1242 hasce
1430 1204 1630 1251 Ffflc'stolas
1655 1215 1700 1241 ex

350 1260 471 1309 Reqio
505 1261 642 1301 Codice
672 1263 946 1311 Manuscripto
976 1263 1160 1301 Parisino
1185 1263 1321 1301 David
1347 1262 1528 1301 Clericus.
1566 1263 1702 1301 Huius

348 1320 581 1369 exemplaris
599 1333 714 1369 saepe
731 1323 907 1360 meminit
923 1322 1007 1360 Iac.
1024 1321 1283 1369 Gothofredus
1299 1323 1343 1360 in
1361 1322 1699 1371 Prosopoyraphia

412 1448 445 1491 1)
470 1446 542 1482 Hic
573 1448 631 1482 est
656 1447 772 1483 codex
796 1447 862 1483 ille
887 1447 1039 1493 Regius,
1070 1458 1090 1483 e
1123 1458 1195 1492 quo
1221 1446 1320 1482 locos
1352 1446 1599 1492 epistularum
1630 1445 1701 1481 Go-

348 1493 544 1529 thofredus
570 1494 609 1529 in
635 1494 768 1530 Codice
794 1494 1053 1531 Theodosiano
1078 1495 1257 1538 laudavit,
1282 1494 1388 1529 velut
1411 1495 1437 1529 t.
1459 1495 1474 1529 1
1499 1506 1534 1539 p.
1556 1496 1637 1528 410.

410 1545 445 1580 2)
466 1541 633 1584 Quocum
652 1543 891 1578 consentiunt
909 1553 1006 1588 quae
1026 1542 1121 1578 dicit
1140 1542 1296 1577 Ioannes
1310 1541 1473 1577 Clericus
1492 1552 1608 1586 nepos
1627 1540 1700 1575 Da-

348 1589 458 1633 vidis‚
477 1589 741 1634 Bibliotheque
762 1590 950 1625 Ancienne
969 1592 1007 1625 et
1025 1589 1203 1626 moderne
1222 1591 1247 1624 t.
1257 1589 1307 1624 111
1324 1591 1423 1635 part.
1437 1599 1507 1624 sec.
1523 1589 1703 1633 (Amster-

349 1636 436 1671 dam
453 1639 558 1682 1711)
577 1649 614 1682 p.
630 1640 715 1672 359:
735 1638 874 1683 Jaques
901 1638 1076 1682 Godefroi
1100 1638 1200 1673 avoit
1217 1637 1304 1683 prie'
1327 1637 1505 1680 autrefois
1523 1636 1653 1672 David
1673 1636 1703 1670 Ie

349 1684 463 1728 Clerc,
494 1696 579 1720 mon
603 1686 719 1727 oncle,
744 1685 788 1721 de
812 1686 868 1721 lui
892 1685 1061 1721 traduire
1085 1686 1389 1731 quelques-umes,
1414 1684 1476 1719 des
1495 1684 1635 1719 Lettres
1660 1682 1703 1718 de

352 1732 546 1776 Libanius,
567 1744 634 1777 que
644 1732 722 1777 j’ai
742 1744 867 1769 encore
885 1734 1008 1769 cerices
1033 1733 1076 1768 de
1092 1744 1136 1768 sa
1157 1734 1271 1776 main,
1290 1743 1375 1767 avec
1392 1732 1560 1777 quelques
1574 1731 1701 1775 petites

350 1788 555 1824 ’‘eruar-ques
578 1780 622 1816 de
649 1781 726 1816 Mr.
748 1779 926 1824 Godefroi
949 1780 973 1815 ὰ
998 1780 1082 1816 οόιέ.
1120 1780 1157 1815 A
1181 1784 1266 1816 cette
1289 1780 1458 1815 occasion
1484 1790 1569 1814 mon
1596 1777 1703 1831 Oncle

345 1828 427 1873 prit
451 1828 488 1863 la
509 1828 616 1873 peine
640 1828 684 1863 de
708 1829 829 1872 copier
851 1839 904 1863 un
933 1827 1009 1863 MS
1031 1828 1145 1863 entier
1170 1827 1231 1863 des
1249 1827 1402 1872 Epitres
1420 1826 1463 1861 de
1483 1826 1578 1868 Lib„
1603 1826 1651 1860 ou
1675 1825 1704 1860 il

349 1885 375 1920 y
399 1886 443 1910 en
468 1887 492 1910 a
520 1875 687 1910 MXIII.
730 1875 823 1912 G’est
851 1886 923 1910 une
953 1876 1054 1920 copie
1078 1874 1187 1910 d’ume
1214 1874 1421 1910 exactitude
1444 1873 1648 1909 admirable
1671 1875 1705 1927 et

350 1923 416 1967 qui
444 1923 644 1967 represente
674 1927 789 1958 toute-s
819 1923 868 1959 les
901 1924 1158 1959 Abrcviations
1188 1922 1231 1957 de
1262 1922 1480 1968 l’Oriyinal,
1510 1921 1576 1966 qui
1604 1924 1657 1956 est
1680 1931 1705 1954 a

352 1970 464 2005 Paris
488 1970 584 2005 dans
607 1971 645 2006 la
664 1970 916 2015 Bibliothcque
940 1971 992 2006 du
1018 1971 1101 2006 Roi.

413 2018 448 2063 3)
472 2016 593 2052 Praef.
619 2017 668 2052 ad
691 2018 778 2053 lect.
802 2029 839 2062 p.
860 2021 892 2052 3.

411 2066 447 2109 4)
471 2064 514 2099 In
539 2064 656 2100 Catal.
676 2064 858 2100 librorum
876 2064 1025 2100 Ioannis
1046 2064 1191 2106 Clerici,
1217 2062 1509 2098 Amstelaedami
1530 2065 1621 2097 1735
1647 2062 1706 2095 est

350 2111 493 2157 primus
506 2112 605 2148 inter
620 2112 767 2148 codices
782 2112 921 2148 formae
933 2111 1032 2148 folii:
1046 2112 1204 2148 Libanii
1216 2111 1408 2156 Epistolae
1421 2112 1528 2146 1013.
1557 2110 1704 2150 Graece,

349 2171 369 2195 e
387 2159 507 2195 codice
523 2161 622 2206 reyio
628 2161 802 2206 parisino
821 2161 1022 2205 exscriptae
1033 2172 1058 2196 a
1070 2159 1217 2196 Davide
1231 2159 1369 2194 clerico
1412 2156 1466 2192 Cf.
1487 2157 1527 2192 F.
1548 2156 1587 2191 L.
1601 2155 1703 2192 Hoff-

351 2218 489 2251 mann„
515 2207 642 2253 Serap.
661 2207 741 2243 xlx
764 2211 842 2243 193.

412 2255 447 2300 5)
473 2254 628 2290 Codices
653 2254 902 2299 Manuscripti
933 2256 972 2289 et
996 2253 1168 2299 impressi
1193 2264 1277 2288 cum
1302 2252 1402 2287 notis
1426 2249 1704 2295 manuscriptis,

350 2301 443 2337 olim
468 2301 713 2337 D'Orvilliani
738 2302 803 2347 qui
827 2302 868 2337 in
892 2301 983 2337 bibl.
1003 2301 1110 2336 Bodl.
1131 2302 1233 2346 apud
1253 2299 1481 2335 Oxonienses
1506 2299 1704 2333 adservan-

351 2352 424 2384 tur.
458 2349 592 2385 Oxonii
618 2353 721 2394 1806,
748 2362 780 2384 v.
803 2353 859 2385 14.

413 2399 453 2442 6)
478 2396 556 2432 Hoc
586 2399 749 2433 testatur
774 2396 975 2433 Dorvillius
1013 2396 1052 2431 in
1078 2395 1207 2432 Wolfii
1246 2394 1411 2430 editione
1443 2406 1479 2440 p.
1499 2396 1569 2428 864
1594 2391 1664 2428 col.
1685 2395 1702 2425 1

351 2443 402 2479 ad
427 2454 486 2490 ep.
506 2447 587 2480 823.
