1872 2924
272 558 341 589 447

353 225 404 267 16
440 224 621 260 LIBANII
647 224 730 267 QUI
756 225 1019 261 FERUNTUR
1041 225 1391 263 CHARACTERES
1416 227 1679 266 EPISTOLICI

349 314 430 353 156
463 314 676 363 inscriptus
704 312 887 365 Πρόκλου
918 320 1110 364 σοφιστοῦ
1129 307 1229 368 ’περὶ
1258 314 1550 367 ἕπιστολιμαίου
1575 331 1694 370 χαρα-

345 377 498 425 κτῆρος.
529 373 776 412 Weichertus
795 386 832 423 p.
853 373 987 412 LVIII
1011 373 1129 412 Rabii
1153 374 1306 413 schedis
1324 386 1419 413 usus
1438 387 1530 414 eum
1549 375 1696 416 litteris

345 432 413 471 Ba
436 431 654 484 insignivit.
686 431 776 482 Ipse
801 432 964 482 inspexi.

405 491 507 529 Item
532 504 621 529 cum
645 490 914 530 Laurentiano
932 491 1003 530 LV
1031 493 1054 530 7
1081 492 1255 532 concinit
1279 493 1399 532 codex

408 551 474 588 38.
500 549 751 589 Parisinus
775 563 832 601 gr.
855 552 966 590 2671
995 551 1092 590 olim
1112 553 1224 591 3511
1253 552 1375 592 chart.
1402 553 1551 592 fennae
1577 553 1695 592 duod.

345 622 396 648 sc.
422 609 495 648 XV
527 608 764 647 nitidissime
796 612 981 649 exaratus
1012 610 1080 649 fol.
1107 611 1215 650 398v
1245 611 1469 653 rubricatus
1501 609 1589 664 περὶ
1613 610 1695 652 ἐπι·

1140 664 1160 701 δ
1203 665 1457 706 ἐπισταλτικὸς

345 715 580 767 στολιμαίων
604 711 914 806 χαρακτηρωνιὲ).
945 717 1093 767 Incipit
1119 714 1161 757 ‘O
1187 716 1475 770 ἕπιστολιμαῖος
1498 716 1696 772 χαρακτὴρ

705 782 755 805 πο
776 781 846 817 υσχ
888 783 931 816 ης

344 822 521 870 ποικίλος
551 837 590 862 τε
619 821 686 862 καὶ
716 821 928 874 πολυειδὴς
959 822 1133 876 ὑπάρχει.
1177 824 1335 864 Desinit
1358 825 1426 863 fol.
1447 825 1544 864 418.
1570 825 1694 863 Ante·

345 881 605 920 cedunt-inde
631 894 655 920 a
678 882 748 920 fol.
769 883 854 921 347
882 882 1075 932 epistulae
1102 884 1261 923 eaedem
1286 885 1368 922 fere
1393 896 1496 934 quae
1519 884 1562 922 in
1580 883 1695 923 Vati·

345 953 444 979 cano
466 941 549 980 306
576 941 706 980 editae
732 953 756 980 a
781 941 1006 981 Weicherto
1030 956 1069 993 p.
1091 944 1145 981 37
1154 955 1230 993 sq„
1259 943 1327 993 qui
1352 943 1526 982 codicem
1549 942 1696 982 litteris

344 1001 401 1039 Pr
435 1000 647 1051 insignivit
682 1013 720 1051 p.
746 999 880 1039 LVIII
893 996 943 1053 ²),
982 1015 1149 1052 quarum
1185 1003 1315 1052 prima
1345 1001 1599 1054 παραινετικὴ
1629 1015 1694 1041 ru-

345 1059 498 1098 bricata.
532 1061 620 1099 Τῶν
649 1058 866 1112 πανταχόσε
896 1059 1242 1113 διαφημιζομὲνων
1273 1060 1501 1101 σπουδαίων
1524 1059 1698 1113 ἀνδρῶν,

344 1119 489 1157 ultima
510 1118 643 1170 μικτή·
681 1125 733 1159 τῶ
759 1120 1149 1173 μεγαλοπρεπεστάτω
1174 1119 1241 1160 καὶ
1262 1120 1600 1174 πανευγενεστάτω
1626 1120 1696 1160 αὖ·

344 1176 469 1230 θέντη
500 1176 539 1226 ἐξ
571 1176 667 1229 ἐμοῦ
697 1184 750 1218 τῶ
781 1177 974 1231 λογοθέτη
1004 1177 1071 1219 καὶ
1102 1179 1387 1236 πανοικιοτάτῳ
1412 1186 1482 1220 τοῦ
1506 1185 1696 1232 κραταιοῦ

344 1235 411 1276 καὶ
448 1235 647 1277 αὐθέντου
682 1252 759 1289 μου
793 1236 909 1291 ἁγίου
944 1244 1014 1278 τοῦ
1048 1237 1247 1291 βασιλέως.
1291 1238 1365 1291 τὴν
1397 1244 1603 1288 παροῦσαν
1637 1239 1696 1279 δε·

345 1295 511 1350 ητήριον
537 1295 700 1349 γραφὴν
729 1300 931 1350 τολμηρῶς
961 1295 982 1338 ὁ
1014 1298 1156 1346 δούλος
1187 1310 1259 1338 σου
1287 1297 1478 1350 πέπομφα
1502 1297 1574 1349 τὴν
1598 1292 1695 1351 παρ’

345 1354 442 1406 ἐμοῦ
468 1367 531 1395 σοι
554 1355 873 1409 χρεωστουμένην
904 1356 1095 1409 δουλικὴν
1124 1357 1408 1411 προσκύνησιν,
1439 1357 1517 1397 des.
1543 1355 1606 1397 ἐπὶ
1634 1355 1697 1397 σοὶ

347 1414 442 1465 μετὰ
474 1414 572 1455 θεὸν
606 1414 654 1455 τὰ
686 1421 756 1468 τῆς
787 1415 943 1464 ἐλπίδος
973 1431 1040 1468 μοι
1071 1416 1372 1470 ἐπερρίφθησαν
1403 1413 1491 1470 (fol.
1520 1412 1625 1469 368)
1657 1418 1698 1455 et

346 1473 454 1522 ὅπως
478 1473 499 1514 δ
524 1475 763 1527 πατριάρχης
787 1475 1229 1524 κωνσταντινουπόλεως
1253 1476 1398 1530 γράφει
1416 1481 1468 1516 τῶ
1487 1475 1601 1515 πᾶπα
1618 1474 1695 1528 ῥώ-

345 1548 424 1585 μης
453 1536 531 1574 κτλ.
564 1530 651 1587 (fol.
680 1530 847 1589 387')³)
880 1537 920 1575 et
944 1533 1018 1575 εἰσὶ
1049 1533 1092 1575 δὲ
1122 1541 1244 1575 πᾶσαι
1276 1557 1332 1562 -
1365 1535 1479 1587 μικτή
1507 1530 1571 1588 (=
1591 1533 1617 1584 ἓ
1637 1528 1697 1587 4),

346 1605 448 1643 quae
466 1606 560 1643 pars
579 1595 621 1631 in
640 1594 775 1634 libello
795 1595 882 1645 ipso
902 1595 1022 1644 deest,
1047 1596 1088 1634 et
1106 1595 1321 1635 succedunt
1338 1594 1429 1633 inde
1450 1608 1473 1633 a
1490 1595 1589 1633 folio
1610 1593 1695 1631 418

345 1654 542 1691 tractatus
566 1651 654 1706 περὶ
679 1652 856 1704 μεθόδου
876 1652 1088 1694 ἐπιστολῶν
1108 1656 1149 1693 et
1166 1654 1257 1693 inde
1277 1667 1302 1693 a
1322 1654 1420 1693 folio
1441 1654 1523 1692 421
1547 1654 1693 1704 epistu-

346 1712 409 1750 lae
439 1711 540 1750 duae
571 1713 859 1752 consolatoriae
889 1712 1035 1765 θνητοὶ
1065 1712 1133 1753 καὶ
1163 1712 1241 1753 ἀπὸ
1271 1716 1436 1765 θηντῶν
1467 1715 1507 1752 et
1530 1712 1578 1752 τὰ
1602 1723 1694 1752 σκυ-

346 1770 493 1823 θρωπὰ
523 1770 902 1812 Pseudolibanianae
933 1768 999 1826 (=
1032 1786 1092 1823 ep.
1114 1774 1228 1812 1550
1260 1774 1301 1812 et
1328 1773 1439 1812 1551
1474 1790 1518 1803 -—-
1544 1771 1694 1810 Weich.

346 1844 384 1880 p.
404 1831 675 1879 40‚19—42,
692 1828 784 1884 12),
816 1832 863 1870 de
895 1832 1040 1882 quibus
1072 1833 1121 1871 cf.
1146 1832 1299 1884 Proleg.
1325 1846 1362 1871 n.
1385 1833 1481 1871 279.
1524 1830 1694 1880 Inspexi.

409 1899 444 1941 1)
468 1896 583 1931 Manu
607 1897 813 1933 recentiore
838 1898 1135 1944 suprascriptum
1159 1899 1216 1933 est
1240 1897 1421 1945 λιβανίου.

406 1945 442 1988 2)
455 1943 595 1979 Eadem
615 1943 787 1980 collectio
800 1945 1045 1990 epistularum
1058 1944 1240 1991 inscripta
1252 1950 1481 1991 χαρακτῆρες
1493 1944 1695 1979 ἐπιστολῶν

346 1989 526 2036 διάφοροι
563 1993 665 2027 extat
701 1992 741 2026 in
771 1992 976 2028 Bodleiano
1006 1992 1247 2028 miscellaneo
1278 2004 1333 2039 gr.
1353 1995 1422 2027 309
1454 2002 1503 2027 sc.
1523 1989 1592 2026 XV
1627 1989 1693 2026 fol.

347 2041 428 2082 219,
454 2038 500 2073 de
519 2050 592 2084 quo
612 2039 658 2075 cf.
678 2039 931 2079 Weichertum
953 2053 989 2086 p.
1004 2039 1111 2085 LXII,
1130 2039 1300 2075 Parisino
1319 2038 1449 2085 Suppl.
1469 2042 1537 2074 525
1558 2048 1607 2074 sc.
1627 2036 1696 2072 XV

346 2085 410 2120 fol.
431 2089 496 2120 93*
526 2085 686 2131 aliisque
718 2087 909 2123 codicibus
935 2099 1028 2133 quos
1052 2086 1240 2123 recensuit
1264 2087 1308 2123 H.
1329 2087 1443 2130 Rabo,
1462 2086 1556 2121 Mus.
1577 2085 1694 2120 Rhen.

349 2132 462 2167 LXIV
479 2136 560 2169 208.
593 2133 736 2176 Quibus
761 2134 955 2170 addendus
980 2135 1038 2170 est
1062 2134 1178 2170 codex

277 2183 345 2213 448
395 2183 451 2215 39.
473 2180 710 2216 Parisinus
729 2194 788 2227 gr.
810 2185 902 2217 2782
922 2183 955 2217 A
974 2183 1091 2218 chart.
1112 2193 1161 2218 sc.
1182 2181 1284 2226 XVI,
1310 2181 1376 2226 qui
1394 2180 1458 2216 fol.
1479 2181 1697 2215 215r—237‘

346 2228 549 2263 tractatum
563 2229 730 2264 continet
742 2230 789 2264 de
802 2229 912 2265 modo
926 2229 1107 2275 epistulas
1120 2229 1308 2265 scribendi
1317 2227 1540 2274 inscriptum
1551 2226 1695 2281 ἐπιστο-

347 2275 404 2309 λαὶ
425 2277 593 2322 τεχνικαὶ
609 2287 737 2312 revera
755 2287 776 2311 e
795 2276 1133 2312 Pseudolibaniano
1151 2277 1334 2320 rofictum,
1359 2275 1424 2311 sed
1445 2275 1597 2310 auctum
1616 2284 1697 2319 epi-

348 2321 468 2357 stulis.
500 2322 554 2358 De
580 2335 654 2368 quo
678 2324 763 2359 vide
788 2324 988 2360 Weichert.
1008 2336 1045 2370 p.
1066 2323 1180 2360 LXIII
1204 2335 1260 2368 sq.

408 2371 443 2415 3)
467 2369 569 2406 Haec
594 2381 681 2416 pars
705 2371 819 2407 etiam
843 2371 883 2406 in
909 2372 1038 2407 codice
1068 2370 1271 2408 Harleiano
1297 2373 1390 2406 5624
1416 2370 1532 2405 chart.
1558 2380 1608 2404 sc.
1627 2367 1696 2402 XV

350 2415 413 2452 fol.
433 2420 499 2452 191
526 2419 629 2453 extat
659 2418 841 2464 inscripta.
871 2417 1075 2455 ἐπιστολαί·
1108 2424 1187 2460 πῶς
1211 2419 1271 2454 δεῖ
1294 2416 1455 2464 γράφειν
1478 2415 1573 2461 πρὸς
1596 2413 1697 2461 μεγί-

348 2473 464 2504 crong.
