1872 2924
470 239 491 281 ς
511 240 544 273 ο.
581 235 648 272 ns
674 219 868 274 scmus
891 235 1236 274 mummi
1443 239 1528 284 135

162 325 232 366 fol.
254 326 472 366 21—128.
514 325 693 366 Ultimae
724 326 942 366 succedunt
971 326 1041 366 fol.
1064 326 1170 366 128v
1200 327 1283 367 alia
1312 340 1436 368 mann
1463 340 1528 368 ex·

163 388 281 426 arata
305 385 480 437 epistula
504 384 683 439 λιβάνιος
707 384 861 441 ἰωάννῃ
885 388 939 443 τῷ
961 385 1215 443 χρυσοστόμῳ
1241 381 1307 441 (-
1324 383 1461 439 1553)
1486 390 1528 428 et

164 445 360 497 epistulae
384 444 541 496 Basilii,
572 457 672 497 quas
696 445 724 484 1.
745 445 771 486 l.
803 444 989 486 indicavi.
1027 446 1234 499 Augustus
1259 446 1372 497 Man,
1404 447 1526 501 Hugo

162 503 303 556 Liuko,
326 517 401 557 ego
425 504 752 545 examinavimus.

223 563 395 605 Easdem
425 564 622 616 epistulas
653 567 818 617 excepta
845 565 990 605 ultima
1014 560 1173 620 (1553)
1198 567 1378 606 continet
1401 567 1526 607 codex

227 626 323 665 111.
350 623 639 665 Vaticanus
670 638 737 677 gr.
766 620 975 680 1534A¹)
1007 637 1058 665 sc.
1084 625 1181 665 XIV
1210 626 1279 667 fol.
1308 627 1524 667 3—158‘.

162 683 267 724 Sunt
299 684 518 736 inscriptae
550 684 734 737 λιβανίου
768 690 959 736 σοφιστοῦ
990 682 1192 726 ἐπιστολαί
1219 687 1261 726 et
1290 688 1525 727 numeratae

160 738 344 796 α-σξγ’,
368 744 438 784 sed
461 747 558 785 sunt
575 756 715 784 revera
734 744 816 795 σεδ,
841 757 935 785 nam
960 757 1127 784 numero
1146 741 1231 793 σξα’
1249 745 1352 785 duae
1374 747 1526 797 epistu-

161 803 237 853 lae,
257 804 343 844 436
363 806 405 844 et
419 805 518 855 501,
535 803 754 857 insignitae
778 806 882 845 sunt.
914 804 1108 856 Sequitur
1124 810 1196 845 τοῦ
1221 804 1392 859 μεγάλου
1410 805 1524 858 βασι-

161 863 270 904 λείου
293 862 393 916 πρὸς
416 862 511 912 τοὺς
534 862 667 912 νὶους·
700 863 810 912 ὅπως
834 862 887 904 ἂν
909 862 950 913 ἐξ
974 862 1192 916 nimandin
1216 861 1433 916 ὦφελοῖντο
1457 865 1524 907 λό-

220 938 255 963 ν.
291 923 464 974 Inspexi.

159 938 321 1023 Wll‘n’.
348 982 636 1024 Oxoniensis
661 983 861 1037 collegii
881 984 1243 1024 Lincolniensis
1265 979 1364 1040 25¹)
1384 985 1524 1025 sc.XV

159 1042 313 1082 ineunt.
343 1043 524 1083 continet
559 1043 627 1084 fol.
654 1044 859 1084 37—152
895 1044 1171 1084 collectionem
1202 1043 1525 1096 Lacapenianam

160 1102 395 1154 inscriptam
408 1102 610 1156 Λιβανίου
628 1109 822 1155 σοφιστοῦ
840 1101 1043 1144 ἐπιστολαί
1057 1103 1219 1155 plenam
1237 1124 1296 1133 -—
1314 1117 1410 1144 nam
1426 1104 1525 1145 illae

158 1162 372 1213 epistulae,
396 1174 497 1214 quas
521 1162 656 1203 deesse
680 1163 782 1203 mihi
806 1158 947 1217 olim⁸)
972 1165 1188 1214 scripserat
1207 1163 1431 1214 Mowafius,
1457 1164 1525 1204 de·

159 1233 245 1262 esse
271 1221 433 1273 quidem
456 1223 500 1262 in
524 1223 655 1263 indice
680 1223 807 1263 codici
831 1223 1027 1275 praefixo,
1054 1235 1133 1263 non
1158 1224 1201 1262 in
1225 1223 1360 1264 codice
1385 1224 1474 1276 ipso
1498 1237 1524 1264 a

159 1281 371 1332 Poyntono
399 1284 547 1322 certior
569 1283 700 1323 factus
732 1295 820 1323 sum
845 1303 906 1311 —
928 1285 970 1323 et
999 1283 1139 1322 multis
1168 1282 1314 1335 glossis
1343 1284 1525 1324 scholiis·

160 1354 239 1392 que
264 1342 502 1381 instructam
527 1346 568 1382 et
598 1343 825 1395 fragmento
850 1344 982 1383 nescio
1006 1344 1120 1382 cuius
1144 1340 1232 1394 περὶ
1257 1339 1300 1383 δὲ
1323 1349 1403 1383 τῶν
1428 1343 1524 1396 δρα-

157 1400 312 1442 κόντων
344 1407 461 1442 τοῦτο
491 1400 617 1454 φημὶ,
648 1401 707 1442 ὅτι
735 1402 781 1443 τὸ
811 1402 962 1443 τούτων
988 1424 1044 1430 -
1070 1408 1148 1443 νῦν
1178 1400 1222 1442 δὲ
1251 1400 1319 1442 καὶ
1348 1408 1420 1455 τῆς
1448 1408 1524 1456 γῆς

157 1459 451 1513 ἐπιβασκαίνων
468 1467 649 1514 πειρᾶται
667 1462 710 1501 in
727 1462 796 1503 fol„
807 1463 890 1502 147
911 1462 1139 1502 intermisso
1157 1461 1251 1501 huic
1265 1462 1523 1503 subiunctam

157 1519 435 1561 collectionem
458 1521 581 1573 paulo
605 1521 805 1562 diversam
829 1522 1093 1573 epistularum
1123 1522 1230 1561 inter
1253 1521 1451 1562 Basiliam
1482 1524 1524 1563 et

159 1579 374 1620 Libaninm
407 1584 640 1621 mutuarum
671 1576 851 1635 (1-16,
883 1582 951 1621 23.
986 1576 1193 1634 17—21).
1243 1580 1398 1622 Ultima
1430 1595 1523 1622 cum

159 1640 229 1679 fol.
253 1641 359 1680 152'
382 1640 425 1680 in
448 1641 572 1680 verba
596 1640 746 1694 ὅμηρος
770 1636 887 1689 οὗτος
911 1639 1014 1693 ἀνὴρ
1040 1640 1118 1693 (ΧΙ
1138 1641 1237 1691 595,
1253 1637 1298 1695 1)
1323 1636 1522 1695 desinit.⁴)

221 1699 472 1740 Examinavi.
505 1700 650 1741 Postea
674 1713 808 1740 meum
832 1701 874 1740 in
899 1713 1017 1741 usum
1041 1699 1171 1741 denuo
1195 1700 1370 1753 inspexit
1393 1700 1524 1753 Poyn·

158 1761 290 1800 tonus.

222 1817 323 1859 Cum
346 1818 618 1860 Lincolniensi
642 1822 726 1860 fere
751 1822 950 1861 consentit

223 1879 320 1919 118.
345 1878 609 1921 Vaticanus
632 1879 930 1920 Barberinus
954 1880 976 1920 1
1003 1881 1087 1921 103
1114 1876 1231 1936 (olim
1252 1875 1358 1935 285)
1384 1881 1509 1922 chart.
1524 1891 1593 1923 543

159 1938 312 1978 formae
342 1941 420 1979 oct.
445 1951 497 1979 sc.
519 1939 630 1988 XVI,
662 1940 758 1980 olim
788 1942 892 1980 teste
922 1941 1183 1992 inscriptione
1214 1941 1282 1981 fol.
1306 1943 1328 1981 1
1359 1940 1522 1981 Caroli

162 1996 388 2038 Sti-ossae
412 1999 618 2040 'rhomae
643 1994 802 2054 filii⁶).
834 2000 939 2039 Nam
963 2000 1142 2041 continet
1165 2000 1234 2039 fol.
1251 2002 1413 2041 1-107
1439 2001 1522 2052 epi·

160 2056 290 2096 stulas
313 2054 398 2110 σξβ
422 2059 636 2111 inscriptas
661 2059 846 2112 λιβανίου
875 2064 1069 2110 σοφιστοῦ
1098 2058 1310 2100 ἐπιστολαί.
1354 2060 1429 2111 Ep.
1453 2058 1522 2106 ἰς’

161 2110 228 2170 (-
249 2111 355 2170 947)
382 2118 450 2158 fol.
472 2119 527 2158 32
554 2119 596 2158 in
621 2119 744 2159 verba
767 2121 915 2172 καλεῖν,
939 2116 1144 2172 ὀψόμενον
1170 2114 1246 2173 (XI
1269 2120 1339 2170 86,
1354 2114 1430 2174 15)
1455 2120 1521 2160 de·

158 2175 276 2225 sinit,
313 2179 523 2228 sequentes
553 2180 694 2219 extant
729 2179 797 2218 fol.
818 2179 1013 2230 41—48,
1050 2191 1155 2230 quae
1191 2178 1390 2219 debebant
1427 2182 1521 2220 ante

225 2294 258 2336 1)
277 2290 332 2328 cf.
358 2293 385 2327 t.
406 2292 423 2328 1
441 2295 511 2329 8³⁶
536 2304 574 2329 n.
593 2297 651 2329 44.
688 2293 791 2329 lun-s
815 2292 886 2330 sub
910 2305 946 2329 n.
966 2296 1048 2329 884.

222 2342 257 2384 s)
280 2338 336 2376 cf.
360 2341 389 2376 t.
407 2339 426 2376 1
444 2344 515 2377 8⁹18
540 2353 575 2377 ιι.
595 2345 660 2386 τις
684 2340 771 2376 vm
789 2343 822 2377 s.

221 2388 259 2431 ⁸)
283 2386 340 2424 De
365 2387 447 2424 Lib.
466 2388 550 2425 libr.
569 2399 756 2425 manuscr.
775 2387 905 2435 upon.
923 2391 957 2426 9.

219 2435 258 2478 4)
281 2434 386 2472 Infra
409 2436 480 2472 nub
505 2448 540 2472 n.
562 2440 630 2473 871
657 2438 697 2473 et
720 2438 802 2472 ⁸8⁶.

221 2485 258 2526 o)
282 2482 329 2519 N.
350 2483 522 2528 Anniani,
547 2483 659 2521 Della
684 2483 888 2521 biblioteca
912 2483 1360 2521 Mediae-taunasim·
1383 2495 1420 2531 p.
1437 2487 1497 2521 28.
