1872 2924
352 223 411 266 50
657 223 1022 260 PROLEGOMENA
1047 224 1112 259 AD
1131 224 1391 260 EPISTULAS

352 312 403 350 ad
431 312 527 351 365.
565 312 661 350 Inde
694 312 743 351 ab
769 325 804 352 a.
826 313 910 351 366
942 326 1066 363 usque
1091 313 1144 352 ad
1169 314 1251 352 387
1278 326 1403 363 paene
1428 314 1561 353 nullae
1586 315 1699 363 sunt3

351 373 490 410 contra
521 371 569 409 ab
602 384 636 410 a.
664 372 748 410 388
779 384 905 422 usque
931 372 981 411 ad
1008 373 1092 411 393
1119 373 1290 421 crebrae,
1316 372 1457 411 deinde
1480 374 1700 422 rarescunt,

351 443 443 469 mox
469 431 664 469 desinunt.
698 431 784 469 Iam
810 443 897 469 cum
924 432 966 470 in
991 432 1183 481 epistulis,
1208 434 1254 470 ut
1277 431 1451 470 traditae
1476 433 1569 470 sunt
1592 432 1697 471 codi-

351 489 474 538 cibus,
498 491 688 539 temporis
714 490 948 540 dispiciatur
972 491 1080 540 ordo,
1110 491 1183 530 has
1208 491 1259 530 ad
1282 491 1355 529 illa
1379 490 1607 530 adversaria
1630 490 1695 529 Li-

349 548 460 587 banii
483 550 571 600 ipsa
595 549 724 588 redire
750 549 895 600 elucet,
921 550 988 589 sed
1015 563 1104 588 cum
1128 550 1194 589 hic
1218 551 1313 589 ordo
1338 550 1476 589 multis
1496 550 1595 589 locis
1613 551 1697 589 tur·

348 607 466 646 batus
492 609 556 658 sit,
583 609 705 647 etiam
729 608 1049 648 adversariorum
1074 609 1343 648 condicionem
1360 611 1443 648 iam
1459 610 1695 649 temeratam

347 667 468 706 fuisse
493 667 697 717 probabile
723 670 782 706 est
808 681 886 718 quo
911 670 1089 718 tempore
1109 669 1289 708 collectio
1308 669 1569 719 epistularum
1588 669 1696 708 facta

347 728 408 765 est
416 721 469 778 1);
501 727 670 777 denique
695 739 785 765 cum
810 741 830 765 e
857 729 975 767 certis
1000 728 1107 767 vitae
1132 728 1290 778 epochis
1315 728 1510 779 epistulae
1534 728 1695 767 omnino

346 785 489 835 desint,
514 786 742 825 adversaria
767 787 837 825 illo
862 788 1040 837 tempore
1065 787 1145 826 iam
1167 800 1246 826 non
1264 788 1382 838 plena
1401 789 1520 837 atque
1538 787 1696 840 integra

347 845 468 884 fuisse
500 846 757 884 statuendum
789 848 859 885 est.
897 846 1102 896 Epistulas
1126 846 1177 885 ad
1203 847 1429 886 adversaria
1454 847 1541 896 ipsa
1563 846 1693 885 redire

345 905 466 943 etiam
492 905 572 943 alio
604 907 839 956 argumento
865 905 971 956 quod
998 906 1183 945 Seeckius
1211 908 1264 945 19
1290 905 1467 956 repperit
1489 905 1692 955 probatur.

343 963 415 1013 Ep.
438 965 521 1003 915
548 964 599 1002 ad
624 964 882 1004 Eustochium
909 965 1004 1003 data
1029 967 1132 1015 erat,
1158 965 1226 1004 sed
1251 978 1339 1004 cum
1363 964 1554 1004 Libanius
1577 965 1694 1003 illum

343 1023 444 1062 sales
475 1023 538 1061 vel
570 1023 750 1062 aculeum
783 1024 978 1074 epistulae
1003 1025 1106 1063 male
1133 1025 1327 1075 accepisse
1353 1024 1620 1074 comperisset,
1650 1036 1692 1063 se

342 1082 557 1132 epistulam
593 1084 674 1122 iam
706 1097 785 1123 non
819 1083 1033 1123 Eustochio
1065 1083 1134 1122 sed
1165 1084 1376 1123 Eustathio
1406 1084 1690 1134 inscripturum

341 1154 424 1180 esse
451 1141 486 1180 ei
513 1142 652 1181 scribit
675 1156 734 1192 ep.
758 1144 861 1181 933:
888 1145 928 1181 et
953 1142 1174 1182 inscribunt
1198 1143 1350 1182 codices
1376 1143 1588 1192 epistulam
1609 1141 1690 1181 Εκῦ-

341 1201 502 1240 σταθίω.

398 1242 557 1300 Mo‘rtuo
582 1273 675 1299 vero
696 1260 865 1299 Libanio
886 1261 1121 1300 desiderium
1143 1262 1226 1301 eius
1246 1262 1436 1311 epistulas
1457 1262 1491 1300 si
1509 1273 1588 1299 non
1608 1274 1689 1300 om-

338 1332 407 1358 nes
439 1322 542 1358 certe
569 1333 689 1370 quam
713 1320 907 1370 plurimas
932 1322 974 1359 in
999 1321 1203 1371 publicum
1227 1321 1435 1359 emittendi
1459 1322 1590 1359 ortum
1616 1322 1688 1358 est.

338 1379 442 1417 Nam
465 1379 624 1418 Libanii
649 1379 845 1429 epistulae
870 1393 948 1418 non
974 1380 1100 1419 solum
1124 1381 1205 1418 iam
1225 1381 1352 1430 ipsius
1373 1380 1502 1418 aetate
1527 1379 1692 1428 plurimi

337 1439 572 1477 aestimatae
597 1441 692 1477 sunt
701 1434 747 1491 ²),
774 1439 841 1477 sed
862 1440 983 1478 etiam
1002 1452 1073 1489 per
1092 1441 1298 1489 antiquam
1307 1436 1355 1492 ³),
1380 1439 1548 1477 mediam
1557 1433 1607 1491 ⁴),
1630 1451 1690 1477 re·

336 1499 549 1536 centiorem
558 1493 591 1550 ⁵)
626 1501 798 1537 aetatem
828 1499 1007 1537 cultioris
1032 1499 1183 1550 ingenii
1207 1500 1287 1538 viri
1310 1511 1399 1536 eum
1425 1500 1470 1536 ut
1494 1510 1690 1537 summum

335 1557 529 1607 epistulae
556 1557 747 1596 artificem
774 1557 962 1619 admirati
987 1560 1089 1596 sunt.

395 1648 430 1692 1)
455 1646 523 1692 Ep.
544 1651 613 1683 840
634 1650 681 1692 (a.
703 1650 787 1692 388)
806 1647 882 1682 iam
901 1648 941 1682 in
961 1648 1165 1693 archetypo
1185 1647 1350 1683 omnium
1371 1647 1541 1682 codicum
1561 1657 1688 1692 super-

332 1693 466 1730 stitum
490 1694 675 1740 epistulae
700 1698 769 1730 839
796 1697 843 1739 (a.
865 1697 947 1739 363)
973 1695 1148 1730 succedit.
1188 1694 1284 1730 Vide
1308 1694 1408 1730 infra
1432 1706 1468 1740 p.
1489 1698 1534 1729 72
1548 1705 1602 1739 sq.

393 1743 431 1787 2)
454 1741 576 1777 Huius
601 1742 656 1777 rei
681 1741 898 1778 testimonio
924 1744 1012 1778 sunt
1036 1753 1122 1778 cum
1146 1742 1257 1777 multi
1282 1742 1348 1778 alii
1373 1742 1446 1777 loci
1467 1742 1548 1776 tum
1568 1752 1619 1777 or.
1641 1744 1686 1776 13

331 1788 378 1835 (Π
399 1792 455 1832 81,
478 1793 521 1824 18
541 1791 623 1834 sq.),
642 1801 699 1834 ep.
722 1793 790 1824 773
810 1790 857 1834 (X
877 1792 957 1835 696,
980 1793 1023 1825 19
1044 1791 1125 1835 sq.),
1153 1793 1220 1825 716
1240 1790 1304 1835 (ib.
1324 1793 1404 1831 645,
1427 1793 1470 1824 16
1490 1790 1597 1834 sqq.),
1616 1791 1686 1823 944

330 1836 395 1882 (XI
415 1840 471 1879 83,
491 1840 633 1882 8-13),
662 1840 752 1872 1037
784 1836 849 1883 (ib.
872 1841 952 1883 162,
973 1841 1017 1872 10
1036 1839 1116 1882 sq.).

391 1885 426 1929 3)
450 1883 655 1920 Isidorus
687 1884 835 1920 Pelus.
867 1895 924 1930 ep.
945 1884 979 1920 II
998 1888 1061 1920 42:
1094 1883 1278 1932 Λιβανίου
1302 1883 1368 1920 τὸν
1394 1884 1454 1920 ἐπὶ
1486 1882 1684 1930 εὐγλωττίᾳ

329 1931 441 2013 παρόίιί
458 1937 548 2014 {aa
573 1932 820 2014 fisssoInmfigom
845 1931 1050 1967 Basilius
1075 1933 1351 1978 personatus
1376 1931 1415 1966 in
1441 1930 1548 1976 epist.
1572 1930 1683 1966 Liba-

328 1990 423 2071 ω04)
443 1983 582 2062 a1¹²302122i
591 1980 649 2062 g
667 1981 944 2062 b{g{,gogf1·gb:
978 2026 1055 2063 ἔστι
1085 2027 1126 2063 δὲ
1158 2025 1312 2072 δόκιμος
1335 2026 1408 2061 κάν
1431 2030 1515 2067 ταῖς
1539 2025 1683 2061 ἐπιστο-

326 2076 424 2116 λαῖςς
450 2085 506 2119 ep.
527 2078 593 2109 207
620 2073 717 2110 τίσιν
743 2072 811 2110 οὖν
837 2075 1047 2114 ἐπιστολαῖς
1079 2073 1271 2120 ὀμιλητέον
1302 2074 1368 2109 καὶ
1397 2071 1494 2108 τίσιν
1525 2074 1681 2117 ἐπιγνω-

326 2122 467 2158 σθέντα
486 2122 575 2167 ἡμῖν
595 2123 659 2157 διὰ
683 2127 748 2168 τῆς
765 2121 895 2168 τέχνης
920 2127 1139 2168 χαρακτῆρα
1164 2119 1434 2167 ἐφαρμόζοντες
1454 2119 1522 2165 τὴν
1543 2133 1680 2165 γυμνα-

327 2167 412 2204 σίαν
446 2167 715 2214 συλλεξάμειθας
750 2169 825 2205 ἔστι
850 2169 918 2215 μὲν
944 2170 1007 2204 καὶ
1034 2168 1122 2204 ἄλλο
1146 2171 1293 2214 πλῆθος
1317 2168 1489 2211 ἄπειρον,
1521 2167 1614 2214 ἔχεις
1639 2164 1679 2201 δ’

327 2215 391 2252 ἵνα
415 2217 508 2262 μηδὲ
535 2215 680 2261 μακρὸν
707 2213 727 2264 ¹⁷
756 2228 814 2253 σοι
839 2223 904 2263 τῆς
929 2216 1138 2262 γυμνασίας
1162 2216 1325 2258 στάδιον,
1350 2215 1418 2256 τὰς
1442 2215 1495 2256 εἰς
1516 2215 1683 2258 Φάλαριν

325 2266 470 2300 ἐκεῖνον
507 2231 793 2309 ἀναφερομῖνας
830 2263 1026 2304 ἐπιστολὰς
1065 2265 1128 2299 καὶ
1160 2261 1222 2305 αἶς
1253 2266 1413 2307 Βροῦτος
1443 2262 1463 2298 ὁ
1490 2259 1679 2306 Ῥωμαίων

325 2309 527 2357 στρατηγὸς
558 2312 807 2358 ἐπιγράφεται
832 2313 894 2347 καὶ
919 2312 987 2347 τὸν
1013 2311 1053 2347 ἐν
1079 2312 1267 2357 βασιλεῦσι
1293 2308 1500 2356 φιλόσοφον
1525 2310 1589 2345 καὶ
1613 2308 1679 2343 τὸν

324 2359 504 2405 σοφιστὴν
529 2360 569 2394 ἐν
595 2365 676 2400 ταῖς
700 2359 888 2400 πλείσταις
911 2358 1107 2405 Λιβάνιον.

381 2408 417 2451 5)
443 2406 755 2442 Zambicarius
787 2407 827 2442 in
867 2406 1104 2442 dedicatione
1134 2405 1314 2441 versionis
1346 2404 1590 2449 epistularum
1615 2403 1677 2437 Li-

323 2453 425 2488 banii
451 2453 588 2489 missae
612 2455 660 2489 ad
681 2454 855 2490 Ioannem
875 2453 1115 2489 Bentivolum
1136 2453 1207 2497 (Fr.
1228 2452 1354 2488 Zamb.
1376 2453 1477 2497 319):
1503 2452 1677 2493 maxima,
