1872 2924
378 211 433 252 70
678 210 1043 247 PROLEGOMENA
1069 212 1136 248 AD
1162 212 1420 249 EPISTULAS

377 294 512 351 5-6)
533 299 684 339 omittit
696 299 838 349 Neap.3
859 313 918 350 ep.
931 301 1015 339 369
1037 295 1094 353 (p.
1106 302 1204 351 354,
1214 296 1258 355 9)
1278 303 1425 341 eumV
1438 303 1601 354 praebet
1618 301 1720 357 ἀγώ-

373 372 471 408 νων,
496 358 602 407 quod
626 353 679 396 V⁵
705 371 802 397 corr.
828 360 870 397 in
897 358 1041 411 λόγωνς
1074 373 1133 410 ep.
1156 362 1239 399 385
1267 356 1386 414 (375,
1407 358 1452 414 4)
1479 360 1521 402 δὲ
1545 363 1721 413 praebet,

377 416 482 467 quod
520 411 575 455 V⁵
601 429 697 456 corr.
725 419 765 456 in
797 416 866 468 δὴς
898 431 958 468 ep.
991 420 1074 457 379
1108 418 1226 470 (369,
1247 420 1292 467 2)
1324 421 1487 470 praebet
1511 421 1720 461 verborum

373 476 672 516 collocationem
693 477 838 517 codicis
858 477 894 513 V
913 477 1053 528 ipsius,
1078 491 1157 517 non
1177 482 1391 519 correctam
1413 493 1552 520 manus
1573 481 1611 520 5.
1643 481 1721 521 Sed

376 535 573 574 liberrime
607 536 648 574 in
684 549 754 575 suo
788 538 949 587 negotio
982 539 1164 577 versatus
1198 540 1258 577 est
1291 541 1512 590 excerptor:
1547 553 1607 590 ep.
1634 541 1719 579 359

375 590 493 647 (342,
515 590 588 646 12)
616 595 709 645 quia
735 595 899 634 verbum
925 595 1107 647 τεύξομαι
1131 598 1174 636 in
1193 597 1229 633 V
1255 598 1442 638 omissum
1467 612 1624 639 sensum
1642 599 1722 639 loci

373 654 613 702 obscuravit,
644 654 808 704 praebet
838 655 1049 695 lectionem
1082 656 1202 695 aliam
1226 658 1268 694 in
1293 669 1430 707 appar.
1456 658 1542 697 crit.
1568 658 1620 697 ad
1642 658 1668 697 1.
1694 660 1720 697 l.

373 714 629 764 exscriptam3
654 726 714 763 ep.
740 715 824 753 366
852 709 971 767 (346,
994 711 1066 767 18)
1090 716 1256 765 praebet
1281 716 1329 754 de
1354 730 1423 755 suo
1443 716 1722 768 θαυμάζεσθαι

371 785 444 822 pro
475 770 758 825 ἀντιμάχεσθαι
789 775 924 824 aperte
950 777 1152 825 corrupt03
1184 776 1279 813 item
1306 788 1365 825 ep.
1387 776 1470 815 389
1499 774 1617 829 (380,
1645 771 1720 831 17)

374 843 508 870 vocem
533 829 736 883 ἀληθινὴν
760 832 846 872 fuse
872 833 1061 882 explicat,
1085 834 1164 872 vid.
1191 847 1281 885 app.
1307 836 1391 874 crit.
1418 835 1469 872 ad
1494 836 1519 874 l.
1544 836 1570 874 1.
1615 835 1722 882 Quin

372 891 499 930 etiam·
526 891 568 929 in
599 891 742 930 ultima
773 904 895 941 quam
926 893 1121 942 excerpsit:
1151 906 1210 944 ep.
1232 895 1344 933 1307
1379 894 1491 933 addit
1515 889 1597 934 ἀλλ’
1626 889 1652 946 ἦ
1677 893 1721 934 τὸ

373 948 581 1001 λεγόμενον
618 949 783 990 κατόπιν
820 949 956 1002 ἑορτῆς
993 951 1153 1003 γίνομεν
1189 951 1256 991 καὶ
1290 951 1526 1005 ὑστεροῦμεν
1562 967 1583 992 e
1617 954 1722 993 Plat.

373 1009 493 1061 Gorg.
519 1011 602 1048 447
626 1010 673 1048 A.

434 1070 499 1107 15.
538 1069 689 1108 Auctor
733 1072 1065 1120 excerptorum
1111 1071 1255 1111 codicis
1294 1071 1721 1123 Heidelbergeusis

372 1127 590 1166 Palatini
614 1141 671 1179 gr.
694 1124 822 1181 129¹)
856 1125 1036 1181 (=Pal)
1069 1129 1235 1169 f01.46v
1265 1131 1362 1170 haec
1397 1133 1579 1182 excerpta
1610 1145 1722 1171 usur-

371 1188 485 1236 pavit
509 1208 568 1214 —
591 1200 684 1226 nam
711 1201 767 1227 ex.
788 1201 846 1239 gr.
868 1202 927 1239 ep.
950 1190 1001 1227 51
1032 1185 1120 1242 (51,
1143 1185 1187 1240 5)
1213 1190 1329 1228 ambo
1356 1192 1548 1229 omittunt
1572 1204 1617 1241 με
1642 1204 1723 1230 τοι-

372 1251 472 1284 αὕτα
497 1248 538 1285 et
561 1247 742 1287 inserunt
768 1245 809 1287 τὸ
835 1249 926 1298 post
947 1251 1094 1297 ποιεῖνς
1120 1261 1179 1299 ep.
1203 1250 1255 1287 63
1277 1245 1367 1302 (64,
1389 1247 1523 1303 7-8)
1541 1251 1724 1290 inserunt

374 1305 488 1344 ambo
514 1305 698 1357 γίνεσθαι
722 1306 764 1345 τὸ
789 1320 861 1356 pro
884 1305 1061 1347 ἐπίδοσιν
1082 1309 1310 1364 Πρισκιανῷ
1326 1330 1390 1357 —-,
1416 1308 1483 1348 sed
1508 1309 1637 1348 denuo
1657 1310 1723 1348 hic

372 1365 455 1403 illic
486 1365 684 1403 contraxit
717 1368 756 1404 et
782 1368 974 1413 mutavit,
1001 1367 1111 1406 velut
1141 1380 1200 1416 ep.
1222 1369 1306 1407 348
1333 1363 1452 1420 (330,
1475 1366 1550 1421 14)
1576 1366 1655 1407 ἔστι
1681 1366 1723 1407 δὲ

372 1423 516 1477 ῥᾷστον
540 1426 583 1463 in
607 1423 679 1477 χρή
707 1427 747 1464 et
770 1425 919 1477 ῥοὸίοις
943 1421 1011 1465 ὗσε
1036 1427 1077 1464 in
1103 1421 1171 1465 ὗσε
1194 1426 1355 1479 ροὂίοις,
1380 1441 1439 1477 ep.
1461 1428 1514 1466 52
1537 1422 1626 1480 (51,
1646 1422 1723 1472 11)

374 1483 510 1523 omisit
533 1481 759 1535 ἅνθρωπος.
799 1485 940 1534 Itaque
965 1485 1062 1524 haec
1087 1488 1282 1536 excerpta,
1307 1486 1384 1525 nisi
1408 1486 1478 1524 ubi
1502 1487 1620 1537 plane
1646 1486 1724 1526 sin-

372 1541 510 1592 gulare
536 1543 726 1592 quiddam
751 1544 1003 1594 praebebant,
1030 1544 1079 1582 ab
1106 1557 1195 1595 app.
1223 1545 1307 1585 crit.
1331 1547 1493 1584 exulare
1517 1546 1626 1585 iussi.

434 1602 500 1640 16.
526 1601 707 1652 Denique
732 1603 806 1642 hoc
824 1604 909 1642 loeo
929 1605 1246 1654 praetermittere
1266 1605 1358 1644 nolo
1378 1606 1499 1644 etiam
1517 1606 1560 1643 in
1579 1606 1724 1644 Dres-

372 1661 559 1700 densem
586 1661 621 1699 D
653 1657 721 1709 9²)
747 1657 837 1715 (D),
868 1664 939 1712 qui
971 1665 1031 1702 est
1062 1676 1082 1701 e
1114 1677 1255 1715 genere
1285 1665 1500 1703 mixtorum
1532 1664 1723 1713 codicum,

373 1720 546 1759 codicem
580 1721 615 1758 V
638 1734 784 1772 magna
809 1735 828 1759 e
855 1724 967 1772 parte
993 1723 1212 1763 transiisse.

432 1779 541 1818 Haec
566 1780 726 1829 quidem
752 1780 800 1818 de
825 1781 1114 1832 propaginibus
1140 1781 1284 1821 codicis
1311 1783 1354 1820 V.

458 1883 487 1938 ξ
512 1881 549 1926 3.
583 1883 646 1927 Dc
672 1883 844 1942 sylloge.
868 1884 1012 1928 altera
1036 1897 1064 1928 c
1089 1885 1400 1942 comprehensa
1424 1885 1644 1930 codicibus

377 1946 588 1992 Vaticano
609 1946 676 2003 85,
703 1949 917 1994 Vossiano
938 1947 998 2004 77,
1018 1949 1263 2007 Mosquensi
1282 1947 1379 2004 459,
1405 1950 1624 1995 Marciano
1642 1947 1720 1994 441

761 2026 991 2071 eorumque
1014 2015 1343 2072 propaginibus.

432 2093 522 2131 Non
554 2095 682 2133 solum
723 2095 770 2143 V,
809 2095 877 2134 sed
911 2097 1031 2134 etiam
1064 2095 1166 2134 alter
1196 2095 1316 2134 codex
1346 2107 1366 2134 c
1403 2108 1461 2149 ex!
1490 2097 1720 2148 apographo

372 2153 395 2190 b
421 2153 629 2203 archetypi
654 2166 679 2192 a
704 2154 829 2193 fluxit.
869 2154 944 2193 Hic
969 2154 1129 2204 quidem
1154 2155 1235 2193 iam
1266 2168 1345 2194 non
1377 2157 1501 2202 extat,
1529 2156 1595 2195 sed
1621 2156 1720 2194 duas

434 2226 468 2269 1)
494 2224 611 2267 Quem
636 2231 817 2269 auctores,
843 2237 935 2270 quos
960 2228 987 2262 t.
1006 2226 1024 2260 I
1044 2237 1080 2271 p.
1102 2229 1145 2261 73
1164 2225 1326 2270 laudavi,
1352 2231 1497 2262 secutus
1516 2227 1722 2262 Maximum

373 2270 579 2307 Planudem
604 2272 683 2308 dixi
709 2274 758 2308 ad
786 2284 842 2318 ep.
864 2277 931 2308 391
953 2275 1046 2319 (386,
1067 2273 1102 2318 6)
1128 2274 1166 2309 et
1190 2276 1260 2308 428
1285 2275 1379 2319 (417,
1399 2276 1445 2319 6),
1476 2274 1552 2310 iam
1575 2273 1722 2310 cautius

373 2329 639 2363 anonymum
669 2320 926 2356 Palatinum
956 2320 1122 2365 appello;
1154 2320 1200 2356 cf.
1225 2332 1324 2356 nunc
1354 2321 1555 2368 Georgium
1588 2322 1720 2364 Bauer,

374 2365 442 2401 Die
461 2365 731 2414 Heidelberger
749 2368 922 2413 Epitome
941 2369 1024 2403 eine
1044 2366 1175 2410 Quelle
1193 2379 1258 2403 zur
1276 2368 1723 2414 Diadochengeschichte,

374 2412 460 2448 dies.
480 2413 578 2459 Lips.
601 2418 704 2459 1914,
731 2419 749 2450 1
777 2417 816 2451 et
841 2419 885 2450 26
912 2427 965 2461 sq.
1003 2415 1102 2451 infra
1126 2414 1195 2450 sub
1220 2427 1255 2450 n.
1275 2419 1356 2452 253.

434 2462 468 2505 2)
494 2460 595 2498 Infra
619 2463 688 2497 sub
713 2475 747 2498 n.
772 2466 848 2498 179.
