1872 2924
349 217 370 258 ς
389 216 423 250 2.
462 211 526 248 DE
552 210 739 249 conlcls
764 210 877 248 VAT.
895 213 942 247 83
967 208 1327 246 PROPAGINIBUS
1463 208 1520 254 69

162 303 288 344 1336.
310 303 438 344 1238.
459 304 558 342 523.
580 303 678 342 517.
700 302 799 341 396.
821 301 921 341 519.
942 301 1010 340 51.
1032 301 1130 340 334.
1151 300 1220 340 47.
1243 300 1371 340 1318.
1394 302 1520 341 1328.

162 363 288 404 1330.
323 363 450 403 1225.
482 363 580 402 871.
613 362 712 401 902.
746 361 846 400 318.
880 360 978 400 360.
1013 361 1141 403 1215.
1170 360 1239 399 53.
1268 360 1395 400 1317.
1424 362 1522 401 992.

163 423 288 464 1503.
328 424 394 463 72.
434 422 559 461 1311.
601 421 726 461 1381.
764 421 893 460 1321.
929 420 1056 460 1320.
1094 420 1221 459 1277.
1256 420 1356 459 469.
1395 422 1522 461 1194.

162 483 259 523 606.
287 483 386 522 327.
415 484 480 521 73.
508 482 576 519 49.
605 482 702 519 316.
731 482 829 520 312.
853 481 922 520 75.
944 479 1071 519 1233.
1095 480 1221 519 1219.
1244 480 1371 519 1208.
1395 481 1522 521 1207.

164 543 292 582 1139.
327 542 454 581 1122.
487 542 585 581 570.
620 542 746 580 1123.
780 541 879 580 571.
914 540 1011 579 573.
1046 540 1145 579 575.
1172 539 1271 579 567.
1299 540 1397 579 589.
1425 541 1523 580 563.

163 602 262 643 565.
282 602 381 641 574.
403 601 500 640 581.
523 601 621 640 586.
644 601 772 640 1409.
795 600 923 639 1410.
946 600 1072 639 1227.
1096 600 1224 638 1395.
1247 600 1374 640 1240.
1397 601 1525 642 1298.

165 662 291 702 1299.
327 661 453 700 1216.
488 661 615 700 1203.
651 661 778 700 1192.
814 660 940 699 1211.
975 659 1103 698 1197.
1139 660 1267 699 1195.
1300 660 1399 699 549.
1427 660 1525 699 537.

164 722 261 761 529.
289 721 388 760 534.
415 720 512 760 539.
541 720 640 760 533.
667 720 766 759 516.
793 720 893 759 397.
913 719 1013 759 403.
1035 719 1135 759 949.
1155 719 1255 760 980.
1277 720 1404 759 1049.
1427 721 1525 759 355.

164 781 234 821 67.
261 781 329 820 65.
355 781 425 820 52.
446 780 514 820 63.
535 781 602 820 50.
624 780 722 819 328.
744 779 843 819 329.
865 779 962 819 354.
984 779 1084 818 340.
1104 779 1203 818 489.
1223 779 1321 819 487.
1344 779 1430 819 483
1451 773 1526 833 (ρ).

165 841 264 880 488.
303 841 429 880 1504.
461 841 529 879 81.
564 839 662 879 269.
697 839 795 878 696.
829 839 898 879 35.
933 838 1030 878 736.
1063 839 1131 878 26.
1165 839 1263 878 780.
1297 839 1395 878 661.
1429 839 1527 880 660.

167 901 294 940 1517.
329 901 398 939 21.
431 900 529 939 348.
563 899 661 938 339.
696 899 794 938 363.
830 899 928 939 103.
955 899 1024 938 93.
1052 899 1150 939 715.
1178 899 1276 938 797.
1305 900 1402 938 773.
1429 901 1527 940 741.

167 959 265 1000 369.
293 960 362 1000 40.
390 960 489 999 542.
517 959 644 998 1247.
683 959 915 1008 Sequuntur
933 958 1129 1009 epistulae
1148 958 1254 998 inter
1271 958 1469 998 Basiliam
1489 962 1531 999 et

166 1018 384 1059 Libanium
408 1019 573 1058 mutuae
599 1013 669 1072 (cf.
693 1019 802 1058 infra
827 1017 902 1057 sub
926 1031 1031 1057 num.
1062 1012 1179 1072 345).
1220 1018 1445 1058 Succedunt
1468 1031 1530 1070 ep.

170 1079 252 1119 371
282 1074 400 1132 (λη’).
427 1079 524 1118 379.
552 1079 651 1118 368.
678 1078 776 1117 364.
803 1078 902 1118 819.
929 1078 1028 1117 238.
1055 1079 1183 1118 1133.
1210 1079 1308 1117 408.
1337 1080 1404 1118 19.
1431 1079 1530 1119 636.

169 1139 268 1179 283.
303 1139 371 1177 22.
407 1139 504 1178 123,
531 1138 629 1178 830.
658 1139 756 1177 382.
783 1138 912 1178 1218.
938 1139 1007 1177 25.
1044 1137 1104 1177 De
1129 1138 1198 1178 fol.
1220 1138 1456 1178 188-190
1481 1138 1530 1179 cf.

166 1201 195 1237 t.
221 1198 279 1237 IV
314 1198 413 1238 303.
464 1197 690 1237 Succedunt
725 1198 794 1237 fol.
823 1198 905 1237 191
948 1210 1008 1248 ep.
1036 1198 1134 1237 390.
1168 1198 1266 1237 578.
1301 1199 1397 1237 391.
1431 1199 1530 1238 432.

168 1259 253 1298 226
282 1252 342 1311 (ξ)
368 1259 410 1296 et
435 1257 501 1296 fol.
525 1258 750 1297 197—235
778 1255 978 1297 ἐπιστολαὶ
1002 1257 1199 1307 συνεσίου,
1225 1257 1370 1308 quibus
1395 1260 1438 1297 in
1462 1259 1531 1298 fol.

169 1317 275 1357 215'
300 1319 341 1357 et
368 1318 451 1356 216
485 1318 644 1356 nomine
674 1317 850 1357 auctoris
881 1330 963 1357 non
993 1316 1131 1357 addito
1162 1317 1359 1366 immixta,
1390 1321 1532 1368 postea

170 1379 307 1416 tamen
332 1375 465 1416 deleta
489 1378 551 1417 est
573 1376 736 1416 Libanii
759 1389 820 1427 ep.
842 1377 970 1417 1216.

231 1435 276 1475 Si
292 1432 437 1476 Basilii
456 1449 516 1487 ep.
538 1437 624 1476 328
645 1438 686 1476 et
705 1449 845 1476 comm.
866 1449 926 1487 ep.
948 1438 973 1476 9
1001 1436 1162 1487 excipis,
1186 1436 1299 1476 nulla
1318 1440 1533 1489 comparet,

170 1508 275 1547 quae
293 1509 373 1536 non
391 1495 435 1534 in
454 1495 548 1535 Vat.
563 1497 618 1536 83
638 1496 876 1547 reperiatur.
907 1496 1083 1535 Nomina
1102 1509 1238 1536 eorum
1258 1496 1311 1535 ad
1331 1509 1430 1547 quos
1451 1499 1531 1548 epi·

170 1555 300 1595 stulae
326 1554 444 1595 datae
469 1557 564 1596 sunt
587 1556 679 1595 inde
700 1568 725 1596 a
743 1553 836 1608 φιβ’
855 1556 1014 1595 demum
1033 1556 1234 1607 leguntur,
1259 1556 1327 1597 sed
1347 1569 1450 1607 quae
1469 1570 1532 1596 ex-

169 1618 279 1665 tant,
312 1627 403 1654 cum
433 1615 508 1654 hoc
539 1615 674 1655 codice
698 1618 925 1667 congrth
948 1616 1220 1667 lectionesque
1245 1628 1401 1666 omnes,
1433 1629 1533 1668 quas

171 1674 331 1725 quidem
356 1675 678 1724 examinaverim‚
711 1679 782 1714 aut
806 1675 966 1715 eaedem
992 1688 1094 1726 quae
1118 1677 1162 1715 in
1185 1675 1258 1715 illo
1283 1678 1356 1715 aut
1378 1677 1534 1727 peiores

172 1735 276 1774 sunt.
314 1733 459 1784 Itaque
484 1734 587 1773 nihil
611 1734 758 1786 obstat,
783 1735 997 1785 quominus
1019 1739 1223 1775 auctorem
1241 1748 1289 1775 ex
1306 1735 1382 1775 hoc
1400 1736 1534 1776 codice

170 1793 353 1834 hausisse
391 1793 649 1844 ordinemque
684 1796 845 1834 tantum
877 1807 922 1834 ex
955 1794 1123 1835 arbitrio
1153 1797 1330 1836 mutasse
1362 1798 1402 1835 et
1434 1796 1535 1836 duas

172 1852 265 1892 illas
284 1852 479 1904 epistulas
499 1866 546 1893 ex
565 1853 647 1894 alio
666 1854 788 1904 fonte,
809 1853 942 1894 codice
962 1854 1227 1906 epistularum
1245 1855 1402 1904 Basilii,
1423 1855 1535 1895 addi-

172 1912 277 1953 disse
303 1914 538 1952 statuamus.

233 1971 485 2012 Examinavi.
524 1972 598 2023 Ep.
627 1974 754 2013 1211.
782 1974 910 2014 1308.
939 1975 1052 2013 1317
1079 1974 1179 2013 mihi
1204 1975 1415 2025 descripsit
1438 1975 1536 2015 Pius

177 2030 346 2071 &anchi
370 2031 418 2071 de
444 2030 675 2074 Oavaleriis.

240 2092 307 2130 14.
332 2090 468 2131 Etiam
487 2094 714 2143 excerpta
732 2092 879 2133 codicis
900 2093 1218 2144 Neapolitani
1237 2093 1279 2133 11
1298 2092 1328 2133 G
1349 2089 1450 2148 32¹)
1468 2090 1536 2148 (-

176 2149 272 2190 Exc
295 2146 448 2204 Neap)
480 2163 531 2191 sc.
553 2150 626 2190 XV
659 2164 680 2190 e
714 2152 750 2191 V
771 2152 931 2193 fluxisse
963 2156 1003 2192 et
1033 2152 1171 2192 ordine
1202 2153 1466 2204 epistularum
1497 2156 1539 2193 et

177 2209 395 2249 lectionum
419 2211 666 2261 proprietate
690 2212 966 2263 imprimisque
990 2212 1276 2252 vocabulorum
1299 2213 1536 2254 omissorum

176 2280 370 2309 consensu
400 2270 613 2310 evincitur.
650 2268 751 2310 Orta
781 2274 887 2318 sunt,
911 2274 1129 2323 antequam
1153 2271 1190 2309 V
1214 2284 1339 2312 manu
1365 2273 1390 2313 5
1416 2275 1538 2313 corri-

178 2331 348 2379 geretur.
387 2328 490 2368 Nam
517 2342 634 2369 voces
659 2325 715 2367 V⁶
738 2332 910 2371 insertas
937 2329 1008 2383 μὲν
1034 2334 1075 2371 et
1099 2329 1142 2371 δὲ
1167 2344 1227 2383 ep.
1249 2332 1334 2371 367
1362 2328 1417 2387 (Χ
1437 2333 1538 2383 352,

237 2455 274 2500 1)
298 2451 354 2491 cf.
372 2455 400 2491 t.
419 2453 454 2491 V
479 2458 562 2492 368.
598 2456 699 2493 Infra
725 2457 794 2493 nub
819 2469 854 2493 n.
876 2461 957 2494 252.
