1872 2924
343 224 425 268 184
644 224 1008 260 PROLEGOMENA
1032 223 1099 259 AD
1124 223 1384 260 EPISTULAS

516 327 546 382 ξ
573 324 626 371 11.
659 327 720 370 De
746 326 972 370 stemmate
998 325 1192 370 codicum
1217 307 1507 384 corporalium

809 397 853 441 et
879 397 1210 454 eclogariormn.

397 485 483 523 Iam
510 497 704 524 summam
731 497 878 533 eorum,
905 496 1006 534 quae
1031 484 1161 524 adhuc
1185 483 1490 534 disputavimus,
1515 497 1592 523 uno
1618 484 1685 524 ob·

337 546 431 583 tutu
456 543 786 594 comprehendere
812 556 1007 582 conemur.
1046 543 1176 582 Maior
1201 546 1261 582 est
1285 545 1400 593 copia
1425 543 1604 583 codicum
1628 565 1687 571 —

337 617 429 642 nam
449 603 640 642 ducentos
660 603 953 654 quinquaginta.
971 604 1163 653 superant
1182 623 1236 629 —-—
1264 616 1384 652 quam
1415 605 1462 642 ut
1485 615 1620 642 omnes
1644 602 1686 641 in

337 663 455 702 unius
481 662 702 702 stemmatis
728 663 896 702 formam
922 662 1050 714 redigi
1076 661 1240 712 possint.
1275 659 1328 700 Et
1353 662 1523 702 solitarii
1546 661 1595 701 ab
1613 661 1687 700 hoc

337 721 498 761 omnino
530 721 754 762 abhorrent.
798 721 875 760 Sed
900 721 1020 760 etiam
1045 722 1150 760 inter
1178 721 1352 771 reliquos
1382 720 1546 771 plurimi
1577 723 1686 770 sunt,

336 781 408 831 qui
447 782 607 820 omnino
637 780 679 819 in
712 793 876 821 censum
906 794 983 820 non
1015 780 1190 820 veniant.
1232 780 1375 830 Itaque
1406 781 1448 819 in
1479 782 1686 819 stemmate

340 840 669 891 acquiescendum
693 842 754 880 est
778 853 925 889 eorum,
951 852 1051 891 quos
1073 842 1122 879 ut
1139 840 1366 890 potissimos
1386 839 1503 878 duces
1523 853 1685 890 sequen-

336 900 407 939 dos
433 912 516 939 esse
541 900 765 961 statuimus.

437 1246 713 1489 sb&

260 1350 399 1474 §R

414 1306 550 1561 f&

268 1483 286 2195 ,(---....-----..-.-.-,-,.-

390 2208 420 2264 g
445 2205 506 2250 12.
543 2207 604 2251 De
629 2206 892 2251 testimoniis
918 2204 963 2249 et
985 2204 1265 2249 versionibus
1291 2214 1399 2260 quae
1424 2201 1629 2249 feruntur

728 2270 1052 2329 palaeoslavica
1076 2269 1120 2313 et
1142 2269 1297 2313 latina.

398 2346 719 2396 Testimonia‚
749 2346 893 2397 quibus
923 2346 1002 2385 loci
1026 2345 1288 2396 epistularum
1313 2343 1460 2384 servati
1485 2343 1592 2390 sunt,
1622 2354 1687 2380 ex-

339 2407 465 2457 ceptis
499 2407 637 2457 paucis
670 2406 770 2445 loeis
804 2404 1119 2456 proverbialibus
1153 2416 1177 2443 a
1209 2403 1356 2442 Suida
1389 2403 1524 2442 citatis
1553 2401 1688 2441 omnia

340 2466 486 2504 aetatis
509 2466 740 2504 recentioris
763 2477 990 2515 parvaeque
1015 2464 1267 2502 auctoritatis
1291 2464 1394 2501 sunt.
