1872 2924
345 218 366 259 5
385 218 416 250 2.
456 213 521 251 ΒΕ
546 213 732 253 conlcls
757 216 866 253 VAT.
881 219 926 253 88
951 214 1310 254 PROPAGINIBUS
1451 218 1507 261 67

153 304 280 353 1525,
301 305 400 353 240,
421 305 526 354 2633
545 304 687 344 deinde
705 302 897 345 vd-voe'
918 305 1132 359 insignitae
1153 319 1293 346 comm.
1310 307 1424 358 epist.
1442 310 1509 347 11.

149 363 197 413 83
222 375 283 415 ep.
305 365 409 414 5013
440 376 579 403 comm.
606 365 721 415 epist.
745 367 871 405 1-7,
901 366 967 404 16.
996 367 1062 405 12.
1083 367 1150 406 21.
1191 366 1373 417 Denique
1398 369 1510 407 extat

147 434 312 462 numero
332 424 448 474 priva
468 436 528 474 ep.
547 424 660 464 1308
680 425 876 475 inscripta
895 425 1074 477 λιβάνιος
1089 424 1163 478 γὰρ
1176 425 1379 482 καισαρίφ.
1406 424 1507 465 Sub-

145 483 311 533 mipfio
331 484 393 522 est
410 481 518 530 τέλος
533 489 612 522 τῶν
625 482 840 524 ἐπιστολῶν
853 484 1057 537 λιβανίουε
1075 483 1145 525 τὸν
1157 483 1227 534 τὰς
1238 484 1358 539 κόρας
1372 484 1509 538 ἔχοντα

143 540 323 593 τυφλοὺς
346 547 418 594 τῆς
441 542 633 591 διανοίας.

206 601 535 652 Supplementum
567 602 774 655 σξβ-υιέ
799 604 846 642 ad
886 604 920 642 V
948 603 1077 644 redire
1102 604 1247 655 probat
1272 617 1351 645 non
1377 605 1507 645 solum

144 660 242 700 ordo
269 661 535 712 epistularum
560 674 649 702 cum
675 663 749 703 hoc
773 663 856 702 fere
881 664 1104 715 concinens,
1129 664 1198 703 sed
1217 664 1341 704 etiam
1361 665 1508 715 episto-

145 720 245 760 lium
265 717 335 760 σπ’
349 718 415 775 (-
432 717 566 775 1542)
586 722 765 762 aWolfio
784 724 826 762 in
848 726 944 762 nota
963 723 1013 762 ad
1034 736 1094 775 ep.
1112 724 1225 763 1556
1242 722 1507 778 relegatum¹)

144 779 186 818 in
218 780 292 820 hoc
323 794 402 820 uno
433 781 568 821 codice
600 783 869 833 conspicuum.
909 781 1040 822 Codex
1071 796 1150 823 non
1180 783 1307 823 solum
1333 785 1508 835 peccatis

142 842 293 890 scatet,
325 840 393 880 sed
426 843 549 881 etiam
579 844 729 881 temere
761 843 940 882 mutatis.
979 842 1111 882 Meum
1136 845 1178 882 in
1197 856 1313 883 usum
1334 856 1368 883 a.
1392 845 1506 883 1874

143 901 342 951 excerpsit
367 899 532 940 Carolus
557 900 704 951 Graux,
730 903 814 952 ipse
839 903 1064 942 examinavi
1090 916 1124 942 a.
1149 903 1273 944 1880.

204 958 399 999 Similiter
429 961 480 1000 ad
513 961 557 1010 V,
593 963 670 1001 etsi
701 974 779 1001 non
811 962 879 1000 via
909 965 1019 1001 recta
1049 962 1154 1002 redit
1185 963 1506 1014 supplementum

144 1018 307 1070 eclogae
331 1019 647 1071 Lacapenianae,
674 1021 780 1071 quod
804 1021 971 1072 praebet
995 1021 1116 1062 codex

205 1080 272 1119 11.
296 1077 655 1120 Laurentianus
682 1080 787 1120 LXX
815 1082 869 1121 13
897 1076 962 1135 (—
981 1076 1100 1135 Lau)
1126 1082 1277 1121 formae
1306 1085 1403 1123 sext.
1423 1082 1506 1122 dee.

141 1149 196 1178 sc.
214 1137 289 1177 XV
297 1133 333 1192 ³)
352 1139 420 1178 fol.
440 1140 629 1180 5—183.
660 1140 872 1192 Inscriptio
898 1153 988 1180 cum
1015 1141 1145 1180 tribus
1163 1142 1304 1192 primis
1323 1143 1506 1192 epistulis

140 1197 339 1249 initioque
365 1202 532 1249 quartae
558 1212 637 1240 uno
661 1200 760 1239 folio
786 1202 933 1240 amisso
958 1201 1097 1251 periit3
1124 1202 1189 1240 fol.
1212 1203 1236 1240 5
1259 1201 1402 1252 incipit
1419 1215 1505 1242 ver·

141 1257 204 1296 bis
228 1257 372 1297 θάνων
397 1257 556 1312 ἔχαιρον
580 1260 776 1310 epistulae
795 1262 963 1311 quartae
982 1256 1122 1314 (325).
1160 1260 1314 1300 Ultima
1332 1262 1506 1312 epistula

143 1316 391 1357 collectionis
422 1318 725 1369 Lacapenianae
764 1322 825 1359 est
861 1316 951 1367 σξα’
972 1337 1016 1351 -=
1037 1322 1135 1360 435.
1174 1319 1285 1366 Quae
1322 1334 1416 1361 vero
1447 1333 1505 1360 se-

142 1379 322 1427 quuntur
339 1378 534 1428 epistulae
553 1376 766 1431 σξβ-τπ’,
792 1394 813 1419 e
837 1379 1071 1419 collectione
1090 1379 1301 1430 fluxerunt,
1326 1393 1429 1432 quae
1454 1381 1505 1420 ad

142 1435 383 1476 Vaticanum
411 1438 467 1477 83
494 1438 654 1489 quidem
679 1439 796 1489 redit,
822 1438 891 1478 sed
917 1440 1002 1479 eius
1028 1439 1206 1479 ordinem
1233 1440 1315 1479 fere
1340 1440 1506 1491 reliquit

141 1497 266 1546 atque
290 1497 483 1536 nonnulla
508 1497 558 1537 ab
583 1511 630 1538 eo
655 1499 790 1538 aliena
814 1498 1042 1539 immiscuit.

201 1554 304 1594 Sunt
316 1568 376 1606 ep.
392 1557 629 1598 620.1220.
647 1559 774 1598 1399.
792 1560 919 1607 1155,
939 1571 1043 1608 quae
1063 1559 1202 1598 eadem
1222 1559 1303 1598 iam
1322 1560 1364 1598 in
1378 1559 1502 1599 Laca-

138 1615 313 1665 peniana
330 1613 404 1655 ποτ’
417 1620 706 1667 comparuerat,
725 1618 868 1668 quinta
887 1613 975 1666 σξς’
988 1618 1185 1670 βασίλειος
1205 1616 1226 1658 ὅ
1244 1615 1364 1672 μέγας
1383 1616 1502 1671 ὀλυμ-

137 1673 218 1714 πίω
241 1671 417 1727 ἄρχοντι·
455 1673 554 1727 ἡμῖν
576 1674 709 1729 ἅρχων
731 1676 780 1717 σὺ
799 1676 867 1717 καὶ
886 1676 994 1729 μετὰ,
1020 1680 1133 1717 sexta
1151 1674 1234 1726 σξζ’
1254 1695 1299 1709 —
1320 1679 1419 1729 358,
1444 1675 1503 1726 τζ’

139 1750 184 1764 -
204 1732 379 1774 Iulian.
394 1747 454 1785 op.
470 1736 495 1774 3
517 1735 660 1786 Hertl.,
678 1733 744 1789 τη’
759 1754 803 1768 -
820 1738 936 1777 1220
956 1738 1031 1786 W„
1050 1739 1075 1777 i.
1091 1751 1123 1777 e.
1137 1736 1282 1776 Iulian.
1297 1751 1357 1789 ep.
1370 1739 1426 1778 64
1440 1738 1503 1788 H„

138 1790 208 1832 zo'
230 1811 275 1824 ==
295 1794 395 1844 483,
419 1795 588 1835 ultimae
606 1793 693 1836 τοὸ’
714 1791 778 1851 (⁸-
800 1792 918 1850 831).
947 1798 1044 1837 501.
1066 1798 1166 1837 647.
1184 1809 1323 1837 comm.
1345 1810 1405 1848 ep.
1429 1799 1503 1847 123
1525 1842 1531 1853 Ι

140 1852 247 1903 2863
273 1865 410 1892 comm.
438 1867 499 1905 ep.
522 1856 589 1894 21.
612 1857 650 1895 9.
689 1854 940 1907 Subscriptio
966 1859 1028 1896 est
1051 1854 1160 1904 τέλος
1183 1861 1262 1896 τῶν
1286 1854 1503 1897 ἐπιστολῶν

138 1912 323 1964 λιβανίου
346 1918 418 1953 τοῦ
444 1921 646 1965 σοφιστοῦ.
684 1915 879 1966 Sequitur
903 1921 974 1955 τοῦ
994 1916 1164 1969 μεγάλου
1183 1915 1383 1968 βασιλείου
1402 1915 1503 1967 πρὸς

139 1970 233 2019 τοὺς
251 1971 368 2020 νέους
388 1972 496 2022 ὅπως
514 1971 565 2013 ἂν
585 1973 623 2022 ἐξ
644 1974 860 2027 ἕλληνικῶν
880 1973 1096 2026 ὠφελοῖντο
1111 1975 1249 2028 λόγων.
1282 1975 1356 2026 Ep.
1374 1977 1501 2026 1545,

142 2043 247 2081 quae
277 2032 320 2070 in
345 2032 421 2071 hoc
450 2046 529 2073 uno
560 2034 695 2074 codice
727 2037 839 2074 extat
862 2036 968 2074 inter
994 2036 1048 2075 35
1077 2038 1117 2074 et
1142 2036 1225 2074 491
1255 2035 1416 2074 aliunde
1441 2037 1501 2074 in·

138 2092 257 2140 serta,
289 2090 459 2132 Libanio
488 2091 755 2133 abiudicanda
780 2097 857 2134 est:
890 2095 937 2134 cf.
964 2091 1070 2133 infra
1096 2094 1122 2144 ξ
1145 2096 1211 2133 14.
1248 2093 1296 2133 In
1320 2096 1432 2134 textu
1459 2096 1499 2134 in

138 2150 366 2189 universum
394 2151 555 2201 quidem
579 2165 669 2193 cum
694 2154 787 2193 Vat.
809 2155 863 2194 83
891 2153 1001 2203 facit,
1027 2153 1095 2192 sed
1122 2154 1250 2193 multa
1274 2153 1339 2193 vel
1364 2156 1501 2194 omisit

138 2208 200 2247 vel
219 2210 411 2261 corrupit,
430 2224 502 2251 nec
521 2214 737 2264 quicquam
757 2213 808 2252 ad
822 2213 1111 2252 emendandum
1126 2214 1292 2254 confert.
1317 2213 1497 2253 EstMe-

136 2267 303 2309 diceus
329 2269 366 2308 D
392 2269 646 2322 Rostgaardi,
671 2285 692 2311 e
717 2272 829 2312 cuius
854 2271 1086 2324 apographo
1106 2272 1274 2313 Wolfius
1299 2285 1359 2324 ep.
1383 2274 1495 2313 1216

133 2329 312 2368 -1224
339 2328 475 2370 edidit.
514 2331 600 2382 Ego
633 2332 806 2382 excerpsi
833 2334 954 2382 atque
979 2345 999 2371 e
1025 2334 1140 2382 parte
1166 2332 1328 2373 contuli.

197 2406 233 2451 1)
259 2406 379 2452 Supra
402 2419 438 2453 p.
460 2412 516 2444 ὁὸ.

195 2454 231 2499 2)
258 2451 311 2490 cf.
331 2457 354 2489 t.
376 2454 392 2489 Ι
413 2458 482 2491 346
507 2467 544 2492 u.
564 2459 620 2494 40.
660 2456 759 2493 Infra
783 2456 852 2492 sub
879 2469 912 2493 n.
935 2461 1014 2492 277.
