1872 2924
353 195 379 236 8
430 193 611 230 LIBANII
636 193 718 237 QUI
742 193 1007 231 FERUNTUR
1030 194 1379 232 CHARAOTERES
1401 195 1663 235 EPISTOLICI

410 282 557 321 Parum
582 282 729 333 integri
753 284 847 321 sunt
870 282 1040 322 codices:

278 361 347 392 429
413 355 480 392 18.
506 353 756 392 Parisinus
782 367 838 405 gr.
861 354 974 392 2489
1003 348 1132 406 (prius
1152 367 1315 394 numero
1336 356 1449 395 3369
1471 353 1703 412 insignitus)

352 413 475 451 chart.
484 413 634 452 formae
643 415 773 462 quart.
781 413 1156 452 mai.Mazarinaeus
1169 415 1270 454 teste
1282 415 1538 466 inscriptione
1551 416 1619 455 fol.
1630 418 1681 456 13
1689 431 1702 456 z

351 484 396 510 ex
420 471 665 510 Bibliotheca
695 472 1009 511 Emineniissimi
1042 472 1270 512 Cardinalis
1300 474 1507 513 Mazarini
1531 487 1583 514 sc.
1607 475 1702 515 XVI

350 531 418 569 fol.
440 532 495 569 42
517 528 733 581 inscriptus
751 531 934 582 λιβανίου
955 537 1146 582 σοφιστοῦ
1159 530 1440 584 ἑπιστολιμαῖοι
1452 540 1702 588 χαρακτῆρες,

349 590 416 630 sed
450 591 531 628 iam
569 591 828 630 f01.46'in
871 590 992 629 verba
1035 589 1180 629 desinit
1222 589 1276 643 μὴ
1320 591 1449 643 νόμιζε
1491 598 1570 632 τῶν
1606 605 1702 645 συμ-

350 649 428 701 βάν
452 645 509 702 (p.
531 650 600 699 43,
620 644 678 698 3).
716 649 982 700 Weichertus,
1012 651 1082 699 qui
1113 663 1202 689 eum
1230 651 1375 690 litteris
1398 650 1460 691 Pa
1493 653 1704 704 insignivit

350 722 387 758 p.
403 708 520 757 XLV,
546 708 697 747 tabulis
716 709 987 760 phototypicis
1005 721 1103 748 usus
1121 710 1164 748 in
1184 713 1422 760 apparatum
1441 711 1599 762 recepit.
1636 712 1700 750 In·

350 770 472 818 spexi,
497 767 565 806 sed
590 767 640 805 ab
664 769 739 807 hoc
764 768 924 816 exclusi,
956 768 1145 818 quoniam
1170 781 1299 820 neque
1324 769 1464 820 plenus
1490 773 1551 809 est
1573 784 1702 821 neque

349 827 426 866 fide
452 828 668 866 lectionum
694 827 862 868 excellit.

279 893 347 925 430
413 888 478 925 19.
494 885 749 926 Parisinus
769 900 824 938 gr.
848 882 1006 940 30441)
1026 900 1106 926 non
1126 887 1255 933 3054,
1279 889 1325 927 ut
1344 889 1406 927 est
1424 888 1532 938 apud
1551 888 1701 928 Weich.

350 960 391 996 p.
412 944 531 994 XLV,
556 946 678 985 chart.
705 946 855 985 formae
880 948 954 985 oct.
980 947 1072 985 mai.
1099 959 1150 986 sc.
1175 946 1250 985 XV
1278 950 1444 996 exeunt„
1475 948 1570 986 olim
1596 947 1702 988 Gol-

350 1005 568 1044 bertinus
603 1006 732 1054 4923,
766 1006 913 1057 Regius
949 1006 1076 1055 3288,
1115 1018 1139 1044 a
1168 1005 1351 1045 Manuele
1376 1002 1701 1060 Atramytteno')

348 1066 533 1103 exaratus
557 1066 658 1104 teste
685 1064 972 1115 subscriptione
998 1065 1064 1104 fol.
1095 1065 1148 1104 78
1175 1063 1355 1116 μανουὴλ
1380 1063 1400 1105 ὅ
1420 1064 1700 1118 ἀτραμυττινὸς

348 1122 507 1176 ἔγραψε.
527 1123 611 1163 Fol.
626 1125 647 1161 1
664 1124 807 1174 incipit
820 1124 950 1174 spatio
964 1124 1082 1163 titulo
1097 1127 1138 1163 et
1156 1124 1301 1163 litteris
1320 1125 1543 1165 initialibus
1561 1125 1703 1165 relicto

349 1182 479 1222 verbis
511 1180 583 1233 μὲν
614 1180 900 1234 ἕπιστολιμαῖος
929 1182 1145 1236 χαρακτὴρ,
1179 1184 1246 1223 sed
1277 1185 1358 1223 iam
1389 1184 1456 1223 fol.
1478 1185 1525 1223 3*
1556 1184 1704 1224 desinit

349 1242 390 1280 in
421 1241 541 1280 verba
571 1240 736 1281 κατόπιν
767 1241 899 1282 αὐτῶν
929 1242 1106 1294 βαίνειν;
1137 1237 1192 1296 (p.
1216 1244 1284 1289 36,
1306 1238 1351 1296 1)
1387 1244 1531 1293 quibus
1564 1255 1697 1283 succe-

349 1301 449 1339 dunt
466 1297 651 1354 ’ξ’ἕρρωσο
676 1299 743 1341 καὶ
768 1300 930 1354 κέχαρσο
949 1299 1016 1342 καὶ
1035 1300 1209 1354 μέμνησό
1228 1316 1323 1353 μους
1348 1302 1609 1348 Weichertus,
1632 1305 1703 1353 qui

349 1373 439 1399 eum
463 1361 608 1400 litteris
627 1361 685 1400 Pb
710 1360 922 1412 insignivit
945 1375 983 1411 p.
1003 1360 1122 1410 XLV,
1146 1361 1295 1400 tabulis
1319 1362 1588 1412 phototypicis
1606 1373 1702 1402 usus

349 1420 392 1458 in
418 1422 655 1470 apparatum
681 1420 862 1459 criticum
887 1421 1046 1470 recepit.
1084 1420 1256 1470 Inspexi,
1281 1421 1349 1460 sed
1375 1420 1425 1459 ab
1446 1422 1521 1460 hoc
1540 1421 1589 1460 ob
1608 1433 1702 1460 ean-

350 1479 439 1517 dem
471 1492 591 1529 quam
621 1479 739 1519 modo
772 1480 854 1518 dixi
885 1492 1045 1519 causam
1078 1479 1235 1518 exclusi.
1280 1481 1339 1519 De
1363 1479 1431 1519 fol.
1461 1480 1514 1518 15
1541 1491 1625 1531 sqq.
1652 1481 1701 1519 cf.

351 1537 505 1590 Proleg.
526 1538 598 1578 sub
624 1552 661 1577 ιι.
683 1540 779 1578 407.

278 1604 346 1636 431
412 1598 478 1636 20.
504 1597 770 1637 Vaticanus
797 1612 853 1649 gr.
877 1600 899 1637 7
906 1600 960 1638 53
980 1598 1141 1637 membr.
1162 1599 1312 1637 formae
1330 1598 1419 1637 folii
1437 1597 1531 1637 min.
1551 1610 1603 1637 sc.
1622 1598 1702 1637 XII

350 1657 418 1696 fol.
446 1657 532 1696 320
569 1658 784 1707 inscriptus
822 1656 1007 1708 λιβανίου
1039 1663 1230 1708 σοφιστοῦ
1267 1655 1549 1708 ἔπιστολιμαΐοι
1584 1672 1703 1710 χαρα-

350 1721 501 1769 κτῆρες,
527 1716 594 1755 sed
619 1716 758 1756 statim
775 1717 918 1766 incipit
943 1730 967 1755 a
985 1716 1115 1756 verbis
1134 1715 1208 1755 εἰσὶ
1227 1714 1269 1756 δὲ
1290 1716 1336 1755 αἰ
1349 1719 1601 1770 προταγεΐσαι
1618 1714 1702 1756 ἐπι-

353 1773 484 1815 στολαὶ
509 1771 638 1827 αὗται,
669 1777 711 1814 ιιι
743 1776 879 1816 libello
903 1778 994 1826 ipso
1020 1775 1276 1826 sequentibus
1303 1789 1360 1825 ea,
1387 1775 1531 1826 quibus
1555 1775 1702 1814 Parisi-

351 1847 427 1873 nus
459 1836 574 1873 3044
606 1834 753 1874 desinit
783 1833 949 1875 κατόπιν
979 1833 1111 1874 αὐτῶν
1144 1835 1297 1887 βαίνειν
1327 1830 1384 1888 (p.
1406 1836 1475 1884 36,
1496 1830 1542 1888 1)
1575 1846 1703 1885 neque

351 1894 462 1932 aliud
500 1895 677 1933 continet
712 1895 789 1933 nisi
827 1896 1007 1945 exempla
1039 1895 1149 1933 52—
1158 1895 1232 1945 62,
1273 1896 1346 1943 70,
1385 1894 1577 1943 73-78,
1615 1894 1703 1944 qui-

351 1953 426 1991 bus
452 1953 666 1992 succedunt
695 1954 774 1992 tria
800 1954 937 2004 spuria
959 1956 1049 2001 Τοῖς
1069 1951 1139 2004 μὲν
1159 1952 1318 2005 ἐρέταις,
1347 1952 1403 1992 Τὰ
1428 1950 1499 2004 μὲν
1523 1949 1703 2005 ἡμέτερα,

345 2007 699 2063 Τπηνεμωμένους
729 2013 877 2063 publici
910 2013 1009 2052 iuris
1037 2013 1146 2051 facta
1171 2013 1220 2051 ab
1247 2012 1417 2051 Hinckio
1443 2026 1480 2063 p.
1502 2012 1600 2061 538,
1631 2012 1704 2062 qui

351 2071 525 2110 codicem
543 2072 681 2110 littera
700 2072 740 2111 D
759 2073 995 2124 insignitum
1015 2072 1205 2110 adhibuit.
1225 2071 1432 2110 Lectiones
1452 2071 1501 2109 ab
1520 2072 1593 2109 hoc
1612 2083 1699 2120 pro·

352 2131 455 2169 latas
487 2131 528 2168 in
560 2133 799 2181 apparatum
829 2133 979 2182 recepit
1009 2132 1155 2170 litteris
1188 2131 1247 2169 Va
1271 2143 1365 2169 usus
1390 2130 1638 2169 Weichertus
1663 2143 1703 2178 p.

353 2189 473 2238 XLV,
504 2202 576 2241 ego
605 2190 765 2239 exclusi,
795 2204 883 2229 cum
908 2204 957 2229 ne
982 2203 1051 2229 eae
1076 2190 1232 2240 quidem
1258 2192 1352 2237 tres,
1383 2202 1483 2239 quas
1507 2189 1704 2228 Hinckius

352 2249 518 2298 censuit,
542 2261 614 2299 pro
640 2250 822 2300 genuinis
847 2250 1050 2288 habendae
1075 2251 1166 2288 sint.

411 2308 511 2347 Item
537 2309 804 2360 fragmentum
828 2311 987 2348 tantum
1013 2305 1171 2347 exhibet
1196 2308 1315 2347 codex

414 2422 447 2465 1)
474 2419 617 2466 Proleg.
637 2421 706 2456 sub
730 2433 765 2456 n.
786 2424 866 2457 40⁷.
1013 2425 1049 2466 2)
1075 2419 1474 2467 Vogel—Gardthausen
1501 2422 1582 2455 116.
