1872 2924
340 225 422 268 168
642 223 1009 260 PROLEGOMENA
1034 224 1100 259 A'D
1125 224 1385 260 EPISTULAS

341 312 540 364 Inscripta.
566 312 748 364 λιβανίου
773 318 967 361 σοφιστοῦ
992 311 1193 352 ἐπιστολαί
1213 313 1255 352 in
1280 326 1339 363 ep.
1366 313 1404 359 ιζ
1423 308 1489 365 (τε
1511 309 1694 366 1131)-

339 366 423 411 σλε’
447 368 513 424 (=
537 368 643 424 949)
669 384 758 410 cum
784 371 855 410 illo
882 372 1055 410 concinit
1079 376 1242 422 excepto
1267 373 1373 423 quod
1398 373 1609 412 nonnullas
1629 385 1693 410 ex-

339 432 461 479 hibet,
481 442 579 481 quas
598 432 639 469 in
660 431 732 470 illo
751 431 860 470 foliis
880 431 1035 470 amissis
1055 431 1219 481 periisse
1239 431 1493 470 statuendum
1514 434 1586 481 est,
1610 432 1690 470 vel·

339 494 385 529 ut
414 491 706 529 1148-1154
738 491 846 528 inter
873 491 984 528 1147
1019 493 1060 529 et
1087 493 1199 530 1157
1227 491 1418 540 aliasque,
1450 503 1548 540 quas
1573 503 1694 540 supra

339 564 375 589 n.
401 552 481 589 181
511 550 753 598 enumeravi,
784 551 824 588 et
854 551 1020 601 excepto
1045 550 1150 600 quod
1174 550 1386 590 nonnullas
1412 550 1560 600 omisit,
1591 563 1694 599 quae

339 611 380 647 in
406 609 539 648 Athoo
566 611 715 657 extant,
741 610 787 647 ut
814 610 938 648 1234.
969 610 1094 648 1187.
1120 611 1245 649 1190.
1270 611 1395 649 1193.
1418 611 1544 649 1200,
1567 610 1693 648 1201.

343 669 470 708 1208.
499 669 624 707 1209.
654 669 779 707 1211.
809 669 935 708 1235.
974 668 1046 718 Ep.
1071 662 1280 714 σλς-σνς’
1305 671 1397 707 sunt
1423 670 1520 708 950.
1549 669 1691 708 953-

341 730 438 767 957.
483 729 582 767 959.
626 728 722 767 961.
763 729 860 767 962.
901 728 1145 767 965-967.
1186 729 1282 767 969.
1323 729 1420 767 972.
1460 729 1556 767 974.
1595 729 1693 766 975.

343 788 590 826 977-980,
624 786 735 832 Quae
754 799 848 825 vero
868 787 1109 826 antecedunt
1127 800 1187 837 ep.
1207 784 1337 832 α-ις’
1357 785 1476 840 (333.
1505 788 1572 826 19.
1596 787 1693 825 331.

341 848 438 886 352.
467 847 570 887 358.
604 847 701 885 365.
736 846 832 886 366.
866 847 963 885 361.
995 847 1064 885 49.
1093 847 1188 886 795.
1217 848 1283 886 72.
1312 848 1378 885 74.
1407 847 1502 886 639.
1532 847 1599 886 69.
1627 847 1695 884 93.

344 902 460 954 128),
487 905 647 944 aliunde
673 907 856 955 sumptae
882 908 987 954 sunt,
1012 918 1069 944 ex.
1095 919 1151 956 gr.
1178 899 1302 944 α-θ’
1326 919 1348 944 e
1374 905 1527 944 Vatic.
1553 918 1611 956 gr.
1637 906 1694 943 82

340 979 390 1005 se.
407 965 505 1004 XIV
525 966 839 1004 161204-229
857 961 1012 1015 ιη-κς’
1031 961 1099 1017 (cf.
1119 966 1226 1003 infra
1244 979 1280 1015 p.
1297 967 1379 1004 172
1400 978 1436 1003 n.
1452 962 1567 1016 194).
1592 964 1692 1003 Item

341 1037 443 1075 quae
475 1027 567 1075 post
592 1035 665 1069 σνς
691 1026 830 1062 extant
854 1037 913 1073 ep.
941 1025 1039 1063 502.
1067 1025 1164 1063 529.
1192 1026 1288 1063 535.
1316 1025 1413 1063 834.
1441 1025 1540 1063 835.
1567 1025 1694 1062 1232.

343 1086 440 1123 658.
468 1084 569 1132 666,
594 1085 671 1123 etsi
691 1084 925 1122 834-666
951 1084 1161 1133 postmodo
1188 1096 1235 1122 ex
1258 1084 1386 1123 Athoo
1412 1084 1585 1122 insertae
1610 1095 1696 1121 esse

341 1145 518 1194 possunt.
551 1142 660 1188 Quae
680 1155 772 1181 vero
791 1142 908 1181 finem
929 1143 1085 1182 faciunt
1104 1139 1319 1195 σξγ-σοθ’
1338 1144 1455 1194 (388.
1478 1142 1575 1181 368.
1597 1143 1694 1181 364.

343 1204 440 1242 389.
465 1204 562 1241 432.
585 1203 682 1241 369.
700 1203 801 1242 476.
823 1203 921 1240 473.
942 1204 1040 1241 481.
1061 1204 1158 1242 493.
1182 1205 1219 1241 1.
1241 1204 1338 1241 617.
1359 1204 1456 1241 499.
1478 1203 1574 1241 327.
1599 1201 1695 1240 196.

345 1264 439 1301 197.
467 1263 592 1311 314),
623 1274 759 1301 omnes
792 1264 956 1312 excepta
985 1274 1066 1300 una
1096 1275 1156 1311 ep.
1180 1263 1262 1301 196
1293 1274 1313 1300 e
1339 1262 1496 1312 sylloge.
1520 1260 1693 1310 Lacape·

341 1321 462 1359 niana
486 1321 698 1360 fluxerunt.

401 1381 540 1431 Neque
568 1380 606 1419 V
630 1393 760 1430 neque
788 1380 847 1419 Va
874 1380 941 1428 Vo,
972 1379 1041 1419 sed
1065 1380 1243 1419 Athoum
1276 1380 1426 1418 fontem
1458 1380 1579 1418 fuisse
1604 1378 1696 1416 inde

343 1441 485 1489 elucet,
509 1439 615 1489 quod
641 1452 702 1490 ep.
725 1441 806 1478 211
834 1440 940 1478 inter
963 1440 1044 1478 776
1066 1441 1106 1478 et
1128 1441 1210 1478 777
1237 1439 1367 1478 locum
1393 1439 1514 1477 habet
1532 1440 1572 1477 et
1590 1437 1696 1487 quod

343 1512 429 1538 cum
456 1499 532 1538 hoc
556 1499 620 1538 vel
645 1499 685 1537 in
711 1498 846 1548 pravis
870 1498 1109 1537 lectionibus
1129 1499 1338 1548 consentit,
1363 1501 1408 1536 ut
1427 1497 1604 1549 εἴληπται
1624 1509 1697 1546 pro

342 1558 538 1598 εῖλκυσται
564 1571 623 1608 ep.
646 1558 731 1597 948
764 1556 840 1610 (ΧΙ
861 1558 929 1606 87,
952 1555 1009 1609 9),
1040 1556 1114 1608 τὴν
1144 1554 1334 1610 ἡμετέραν
1365 1562 1437 1607 pro
1462 1555 1508 1596 τὰ
1532 1553 1698 1607 ἡμέτερα

343 1631 402 1668 ep.
432 1619 514 1656 747
549 1617 602 1670 (X
631 1618 729 1666 674,
757 1614 819 1667 1),
850 1617 891 1655 in
924 1615 1055 1667 μέντοι
1088 1617 1233 1656 omisso
1266 1617 1360 1656 ibid.
1387 1616 1455 1654 lin.
1485 1618 1521 1655 6.
1560 1614 1697 1654 Lectio

344 1678 472 1728 ζῆλος,
504 1689 626 1726 quam
657 1689 716 1726 ep.
740 1678 822 1715 747
856 1689 894 1726 p.
916 1678 1013 1723 673,
1035 1677 1088 1715 16
1122 1676 1298 1726 praebet,
1331 1676 1452 1714 etiam
1483 1675 1641 1725 longius
1672 1686 1698 1711 a

343 1736 518 1788 genuina
542 1733 621 1787 ἤδη
647 1735 761 1788 λόγος
786 1735 911 1775 distat
935 1748 1055 1786 quam
1082 1735 1201 1786 δῆλος
1226 1735 1371 1774 codicis
1397 1735 1530 1774 Athoi.
1568 1733 1696 1772 Lecti-

345 1807 438 1834 ones
471 1795 556 1834 eius
585 1795 769 1845 propriae
795 1807 930 1834 omnes
955 1795 1080 1833 falsae
1105 1797 1208 1833 sunt.
1247 1794 1403 1834 Codicis
1428 1794 1555 1846 igitur
1578 1793 1697 1831 raris-

344 1855 443 1894 sime
462 1856 621 1893 tantum
641 1855 790 1893 mentio
810 1854 992 1893 facienda
1012 1856 1098 1892 erat
1116 1854 1342 1903 speciminis
1358 1854 1446 1893 loco
1463 1853 1527 1891 vel
1540 1852 1697 1902 supple-

343 1914 482 1962 menti,
506 1913 575 1952 ubi
601 1913 755 1952 Atheus
780 1913 924 1952 deficit.
962 1913 1210 1953 Examinavi.

405 1972 662 2012 Communem
693 1986 782 2011 cum
814 1972 942 2012 Vatic.
977 1974 1089 2012 1323
1117 1973 1266 2011 fontem
1297 1984 1327 2011 n
1358 1971 1508 2010 habent
1539 1970 1701 2020 eclogae

346 2033 461 2080 duae,
487 2045 585 2082 quas
610 2032 776 2082 praebet
799 2032 921 2071 codex

408 2092 503 2130 189.
540 2091 808 2130 Ghalcenus
848 2090 1039 2130 scholae
1079 2090 1349 2141 emporicae
1390 2090 1503 2128 olim
1537 2100 1694 2127 mona-

347 2151 489 2189 sterii
517 2149 756 2189 Θεοτόκου
786 2151 867 2189 157
895 2145 959 2202 (=
983 2144 1098 2203 01)¹)
1124 2150 1248 2189 chart.
1269 2151 1418 2188 formae
1445 2150 1520 2188 oct.
1546 2159 1597 2186 sc.
1623 2146 1697 2184 XV

346 2210 415 2248 fol.
439 2210 679 2249 254’-266
706 2211 747 2248 et
773 2211 870 2249 277.
904 2209 1103 2259 Inscripta
1128 2211 1188 2248 est
1206 2209 1363 2260 sylloga
1381 2207 1562 2259 λιβανίου
1582 2217 1697 2255 σοφι-

346 2274 441 2308 στοῦ
466 2267 675 2308 ἐπιστολαί.
714 2267 816 2307 Sunt
841 2281 900 2318 ep.
920 2265 1058 2315 a—gd'
1082 2268 1307 2307 rubricatae
1326 2269 1545 2318 posteaque
1564 2277 1697 2304 nume-

345 2329 402 2366 ris
426 2325 573 2366 κ-πα’
598 2328 792 2379 signatae,
822 2330 964 2378 utpote
997 2340 1098 2377 quae
1122 2327 1345 2377 exciperent
1369 2325 1564 2376 epistulas
1591 2326 1700 2362 ante-

346 2387 528 2426 cedentes
553 2387 711 2426 Iuliani.
748 2387 915 2425 Initium
941 2387 1095 2425 faciunt
1115 2399 1195 2425 non
1214 2398 1361 2434 omnes,
1385 2397 1487 2435 quae
1506 2386 1547 2422 in
1567 2383 1695 2421 Vatic.

408 2466 441 2509 1)
467 2464 587 2508 Supra
611 2476 646 2508 p.
663 2468 730 2499 127
756 2475 791 2499 n.
814 2467 869 2499 99.
