1872 2924
855 562 885 606 Ι.

250 662 497 713 LIBANII
522 661 632 719 QUI
658 661 1013 710 FERUNTUR
1038 660 1506 711 CHARACTERES

699 756 1052 806 EPISTOLICI

249 867 427 907 Libellus
445 863 756 918 Ἐπιστολιμαῖοι
775 870 1015 918 χαρακτῆρες
1032 866 1265 916 inscriptus,
1285 867 1354 917 qui
1372 878 1451 906 non
1466 866 1553 917 qui·

187 928 279 967 dem
304 926 498 967 Demetrii
525 926 663 967 τύπων
687 924 958 976 ἐπιστολικῶν,
989 925 1058 965 sed
1084 925 1323 965 Philostrati
1346 926 1399 965 ad
1425 925 1553 977 Aspa-

188 989 292 1028 sium
326 986 524 1039 epistulae
532 982 581 1040 ¹),
615 985 799 1039 Gregorii
831 985 1077 1025 Nazianzeni
1109 985 1162 1025 ad
1195 985 1437 1025 Nicobulum
1468 986 1552 1039 epi-

188 1045 320 1087 stulae
341 1047 394 1087 51
406 1041 454 1101 ⁸),
478 1046 641 1097 Syriani
659 1046 711 1085 ad
730 1046 993 1097 Hermogenis
1011 1045 1061 1085 de
1080 1045 1254 1085 statibus
1273 1045 1419 1085 librum
1438 1041 1553 1085 scho-

188 1107 337 1146 liorum
345 1100 382 1160 8)
408 1107 677 1159 cognitionem
696 1101 876 1159 prodit⁴)
895 1107 1034 1156 itaque
1053 1107 1146 1156 post
1165 1104 1340 1145 medium
1359 1105 1395 1142 V
1414 1117 1550 1145 saecu-

188 1166 275 1206 lum
283 1161 320 1219 ⁶)
352 1167 394 1205 et
419 1166 469 1205 ab
493 1165 653 1206 homine
681 1165 932 1205 Christianae
957 1164 1050 1204 fidoi
1075 1159 1255 1219 dedito&
1281 1166 1457 1216 scriptus
1482 1167 1554 1215 est,

188 1228 274 1267 sine
299 1225 475 1265 auctoris
499 1226 659 1264 nomine
683 1226 725 1264 in
747 1237 890 1265 manus
910 1225 1087 1265 virorum
1105 1224 1313 1264 doctorum
1333 1225 1398 1264 vel
1416 1226 1553 1276 potins

188 1286 410 1325 iuventutis
436 1285 697 1325 scholasticae
722 1286 948 1336 pervenisse
973 1284 1144 1324 videtur.
1190 1283 1314 1324 Cuius
1336 1284 1394 1324 rei
1412 1284 1554 1324 indici·

189 1359 256 1384 um
288 1345 352 1384 vel
383 1346 425 1383 in
458 1345 508 1384 iis
539 1346 714 1396 reperias
740 1358 842 1395 quae
868 1347 1008 1384 auctor
1032 1343 1283 1384 ἔπιστολικοῦ
1308 1349 1553 1414 χαρακτῆρος

187 1404 336 1444 codicis
362 1404 573 1444 Barberini
593 1418 650 1456 gr.
674 1406 725 1444 71
755 1404 822 1444 fol.
844 1406 899 1444 46
926 1404 1190 1455 praefationis
1210 1405 1299 1444 loco
1317 1398 1552 1458 protulit&

188 1461 283 1504 οὐδὲ
308 1463 377 1504 τὸν
402 1462 492 1516 περὶ
516 1462 734 1504 ἐπιστολῶν
758 1462 877 1517 λόγον
903 1464 945 1504 οἱ
965 1463 1088 1504 πάλαι
1112 1463 1251 1504 εἴασαν
1272 1461 1553 1517 ἀβασάνιστον,

187 1522 272 1564 ἐπεὶ
295 1522 363 1563 καὶ
378 1520 574 1577 Ἀρτέμων
597 1522 665 1564 καὶ
684 1522 915 1577 Προκόπιος
938 1523 1081 1564 τούτου
1107 1521 1179 1575 μὲν
1203 1522 1394 1574 ἅψασθαι
1418 1522 1552 1577 λέγον-

187 1598 271 1632 ται,
301 1579 387 1623 ἀλλ’
422 1582 497 1624 οὐκ
531 1579 608 1624 οἷδ’
638 1583 744 1632 ὅπως
775 1582 886 1636 μέχρι
916 1583 1067 1624 τούτων
1097 1579 1307 1637 (τούτουῖ)
1339 1581 1468 1635 ἄδηλα
1505 1583 1553 1624 τὰ

189 1641 353 1683 ἀείνων
372 1643 672 1696 συγγράμματα,
691 1641 712 1684 ὅ
733 1641 775 1683 δὲ
795 1643 981 1696 Λήμνιος
1002 1642 1267 1696 Φιλόστρατος
1283 1641 1350 1684 καὶ
1370 1641 1392 1683 ὁ
1416 1645 1552 1696 Φαλη-

250 1761 283 1802 1)
309 1756 484 1794 Philostr.
504 1757 571 1794 vit.
592 1758 696 1804 soph.
709 1758 815 1802 11³3,
830 1761 850 1793 8
869 1760 970 1804 (tom.
991 1757 1025 1794 11
1041 1761 1120 1802 126,
1142 1761 1186 1794 19
1206 1757 1265 1795 ed.
1282 1757 1423 1803 Ksys.).
1448 1757 1552 1793 Infra

186 1808 208 1848 ς
229 1809 272 1840 47
300 1816 355 1851 sq.

249 1855 283 1894 2)
309 1852 411 1889 Infra
437 1857 458 1897 5
478 1856 523 1888 48
550 1864 593 1899 sq
727 1856 763 1898 3)
787 1853 821 1889 II
843 1857 911 1889 192
937 1853 995 1889 ed.
1016 1853 1134 1889 Rabe.
1167 1853 1270 1889 Infra
1294 1857 1314 1897 ὅ
1334 1857 1367 1889 5.

249 1902 285 1945 4)
311 1899 384 1943 Qui
403 1899 502 1947 Greg
504 1900 574 1937 orii
569 1864 638 1937 qet
657 1900 681 1937 S
708 1900 807 1937 riani
832 1901 999 1938 locorum
1025 1902 1148 1937 totum
1174 1902 1343 1937 tenorem
1368 1912 1453 1937 cum
1481 1900 1551 1937 hoc

188 1946 320 1983 libello
345 1948 550 1995 diligenter
568 1949 657 1984 cont
698 1948 782 1994 erit,
808 1948 972 1985 Hinckio
991 1948 1131 1995 (annal.
1151 1948 1335 1985 Fleckeis.
1355 1951 1460 1992 1869,
1481 1952 1550 1984 546

188 1997 277 2040 sq.),
308 2006 382 2031 non
417 1996 628 2032 Weicherto
662 1996 860 2043 (Demetrii
891 1997 930 2033 et
961 1996 1110 2033 Libanii
1142 1995 1207 2042 qui
1237 1996 1411 2032 feruntur
1440 1995 1551 2032 τύποι

188 2042 414 2079 ἐπιστολικοὶ
434 2045 473 2079 et
492 2044 760 2090 ἐπιστολιμαῑοι
802 2050 1022 2091 αρακτῆρες,
1046 2044 1135 2080 Lis
1170 2047 1262 2080 1910
1286 2055 1323 2090 p.
1343 2043 1463 2079 XXIII
1482 2047 1551 2089 sq.)

189 2089 412 2136 Gregorium
436 2102 481 2127 ex
507 2091 639 2128 eodem
663 2102 738 2137 quo
764 2058 820 2128 gt.
840 2106 912 2140 2⁰¹⁰
915 2092 1066 2135 .‚fonte
1090 2056 1292 2148 ¹S>yriamim
1311 2102 1397 2128 vero
1415 2102 1462 2128 ex
1480 2091 1551 2127 hoc

187 2136 359 2174 hausisse
384 2139 553 2175 censenti
577 2106 882 2186 adstipulabitur.
918 2140 1059 2186 „Apud
1077 2140 1124 2176 L.
1149 2141 1276 2176 onmia
1294 2140 1425 2176 melius
1442 2143 1552 2185 atque

187 2187 399 2222 accuratius
423 2187 524 2223 dicta
549 2198 623 2224 esse
646 2199 755 2234 quam
780 2187 884 2233 apud
910 2187 1153 2234 Greyorium“
1177 2186 1389 2233 praefracte
1407 2197 1549 2234 negan-

188 2231 279 2268 dum
292 2235 347 2278 et,
349 2234 564 2281 ,Syrianam
575 2236 684 2271 etiam
692 2235 895 2282 plenior-m
907 2235 1072 2281 quamL.
1081 2238 1178 2272 esse‘
1184 2234 1466 2282 agnoscendam
1480 2237 1550 2270 est.

249 2282 285 2325 ὅ)
309 2281 344 2316 N
348 2293 409 2317 am
434 2281 646 2328 exemplum
670 2285 716 2318 8⁹1
741 2286 1001 2328 momerium·
1025 2293 1046 2318 e
1071 2282 1347 2329 Theophylacti
1366 2281 1548 2318 simocat-

188 2328 251 2363 tae
264 2337 323 2374 ep.
337 2332 383 2365 28
403 2341 486 2364 sum
513 2333 594 2366 tum
607 2341 683 2366 non
695 2330 836 2390 (oi-mae
846 2330 1045 2378 genuinae,
1058 2331 1126 2367 sed
1138 2332 1271 2376 postea
1283 2330 1467 2366 insertum
1479 2331 1548 2365 est

249 2378 285 2420 6)
309 2375 363 2413 01“.
384 2380 430 2412 54
454 2390 475 2412 τ
549 2377 618 2423 σὴν
644 2390 699 2422 ηρ
700 2377 750 2414 ἅν
774 2377 954 2415 διάθεσιν
977 2380 1038 2424 (--
1056 2390 1093 2425 p.
1114 2380 1171 2423 86,
1194 2381 1239 2414 10
1258 2380 1339 2423 sq..)

250 2425 286 2468 ¹¹)
310 2423 427 2469 Babe,
452 2424 546 2460 Mus.
567 2425 685 2462 Rhen.
708 2425 821 2461 LXIV
840 2427 962 2472 (1909)
981 2429 1051 2461 294
1070 2437 1127 2471 sq.
