1872 2924
317 237 404 280 216
620 236 985 273 PROLEGOMENA
1014 237 1081 272 AD
1105 236 1368 290 EPISTULAS

317 338 483 365 anorum
507 327 535 366 t.
556 324 598 364 H
621 326 719 375 334,
745 337 863 375 quem
887 325 1078 376 quoniam
1103 325 1277 365 codicem
1300 327 1386 377 ipse
1410 340 1489 367 non
1514 329 1671 379 inspexi

314 385 476 424 unicum
499 386 700 424 auctorem
719 384 859 431 habeo,
882 384 924 423 in
943 385 1049 424 hunc
1066 386 1228 424 modum
1248 387 1515 428 enumeravit:
1542 389 1668 428 1—5.

318 446 355 482 7.
384 445 576 489 15-22,
613 455 691 483 non
723 443 888 492 codicis,
922 444 990 483 sed
1022 443 1207 484 editionis
1238 445 1460 485 Wolfianae
1491 446 1668 486 ordinem

315 504 500 554 respexit,
525 504 571 542 ut
594 503 686 542 inde
711 503 852 552 elucet,
878 502 984 553 quod
1007 503 1092 554 ipse
1116 503 1338 543 ultimam
1365 505 1580 555 epistulam
1601 501 1671 560 (5)

316 562 366 602 ob
392 562 565 601 codicem
590 562 633 601 in
657 562 734 601 fine
758 562 947 600 mutilum
972 562 1014 600 in
1039 562 1162 602 verba
1184 569 1463 616 παραχωροῦσι
1480 567 1562 612 τοῖς
1579 578 1667 604 παι-

315 620 379 662 σὶν
406 617 481 675 (ΧΙ
503 623 600 669 578,
624 618 698 675 12)
724 621 902 660 desinere
927 621 1093 661 addidit.

374 687 485 727 Inter
509 699 648 726 comm.
670 699 729 737 ep.
753 687 805 725 12
833 689 873 725 et
898 688 951 726 15
979 687 1110 726 locum
1127 686 1283 726 invenit
1301 700 1359 737 ep.
1382 688 1436 725 22
1456 688 1499 727 in
1518 688 1669 740 ecloga,

316 759 439 797 quam
463 746 629 797 praebet
653 746 773 786 codex

241 824 313 856 642
377 818 474 857 336.
500 817 542 856 M
552 829 575 856 o
585 829 639 867 sq
651 830 676 855 u
687 829 708 856 e
719 830 744 855 n
756 817 828 856 sis
863 818 962 866 437,
996 819 1115 856 antea
1150 818 1235 856 458
1273 811 1337 871 (=
1357 812 1507 868 Mosql,
1542 819 1667 858 chart.

314 877 472 917 sormae'
485 878 615 927 quart.
635 888 686 915 sc.
705 876 792 926 XV,
817 875 912 915 olim
939 881 1034 915 τῶν
1049 871 1182 928 Ἰβήρ
1195 891 1259 915 ων
1277 889 1314 914 m
1328 878 1468 916 ontis
1486 877 1586 916 Ath
1598 878 1665 927 oi,

314 938 455 987 postea
491 935 753 976 bibliothecae
790 937 880 986 typ
892 935 1087 987 ograph
1099 935 1143 973 ei
1181 947 1269 986 syn
1282 935 1454 975 odalis
1494 937 1561 987 13,
1598 936 1668 987 qui

315 995 492 1035 continet
523 997 616 1046 post
648 994 799 1047 Ignatii
833 994 882 1034 de
916 994 1143 1034 Andronico
1176 994 1404 1033 monodiam
1438 997 1479 1034 et
1512 994 1668 1047 στίχους

314 1053 572 1107 ἔπιτυμβίους
596 1053 652 1103 εἰς
677 1053 749 1105 τὴν
773 1052 909 1094 εἰκόνα
932 1051 1056 1094 αὐτοῦ
1080 1054 1149 1093 fol.
1173 1056 1191 1092 1
1201 1055 1403 1093 38—142
1423 1057 1583 1094 mutuas
1601 1068 1666 1093 ru-

314 1115 487 1154 bricatas
525 1112 792 1154 ἐπιστολαὶ
829 1110 1106 1165 ἀμοιβαῖαι
1142 1118 1230 1153 τοῦ
1264 1112 1488 1165 μεγάλου
1522 1114 1667 1165 βασι-

314 1173 456 1213 λείου
488 1171 573 1213 καὶ
604 1172 848 1225 λιβανίου
879 1177 968 1212 τοῦ
993 1177 1246 1223 σοφιστοῦ
1270 1171 1344 1212 hoc
1369 1172 1523 1211 ordine:
1550 1174 1662 1212 17-

316 1235 382 1273 20.
411 1234 538 1272 3-6.
568 1233 634 1272 13.
663 1233 730 1271 14.
758 1235 778 1271 1
788 1233 823 1272 2.
852 1233 919 1271 22.
949 1232 1014 1271 15.
1038 1233 1103 1271 16.
1127 1233 1162 1269 7.
1184 1231 1222 1270 8.
1244 1233 1311 1271 21.
1350 1231 1530 1271 Contulit
1556 1231 1596 1271 G.
1623 1231 1666 1270 F.

315 1292 511 1331 Matthaei
547 1304 582 1332 a.
610 1295 630 1331 1
641 1292 723 1332 777
769 1304 860 1330 cnm
898 1290 1072 1331 editione
1102 1290 1302 1330 Wolfiana
1332 1292 1372 1330 et
1406 1291 1453 1329 le
1464 1292 1569 1331 ctio
1579 1304 1606 1329 n
1616 1304 1636 1331 e
1647 1303 1667 1331 s

316 1365 339 1390 v
351 1353 492 1391 arias
523 1363 614 1391 cum
639 1352 745 1390 notis
771 1351 822 1390 ad
848 1350 910 1389 Fr.
929 1351 954 1389 J
958 1349 1158 1390 acobsium
1184 1349 1306 1398 misit,
1337 1350 1448 1389 cuius
1473 1362 1499 1388 e
1513 1362 1668 1401 posses-

314 1411 424 1450 sione
450 1411 636 1461 deinceps
660 1410 712 1449 ad
740 1409 992 1449 Duebnerum
1019 1411 1060 1448 et
1080 1409 1275 1448 Adortum
1293 1411 1572 1459 pervenerunt,
1597 1409 1667 1460 qui

313 1470 413 1509 mihi
436 1470 605 1509 utendos
629 1463 793 1523 misit¹).

373 1535 485 1574 Inter
508 1547 647 1575 comm.
666 1547 727 1585 ep.
749 1536 772 1573 7
801 1535 842 1573 et
865 1538 884 1574 1
894 1535 918 1573 3
944 1534 1074 1573 locum
1098 1533 1253 1572 invenit
1276 1545 1337 1583 ep.
1359 1534 1413 1572 22
1438 1533 1481 1571 in
1506 1544 1667 1584 corpus·

314 1595 416 1644 culo,
441 1594 549 1645 quod
572 1593 736 1644 praebet
760 1594 803 1632 in
828 1593 904 1632 fine
929 1593 1049 1632 codex

376 1661 473 1699 337.
500 1659 533 1694 V
545 1659 621 1698 ati
631 1671 652 1698 c
662 1670 787 1698 anus
811 1671 869 1710 gr.
890 1658 944 1697 83
966 1652 1032 1710 (=
1051 1652 1107 1711 V)
1117 1652 1150 1710 ¹)
1175 1657 1244 1695 fol.
1257 1657 1510 1696 430—436¹
1527 1652 1669 1696 manu²

314 1731 366 1758 sc.
386 1718 464 1758 XII
486 1720 705 1768 exaratum,
729 1717 965 1768 inscriptum
986 1713 1254 1756 ἐπιστολαὶ
1278 1713 1553 1767 ἀμοιβαῖαι
1577 1721 1668 1755 τοῦ

315 1777 538 1831 μεγάλου
571 1775 656 1817 καὶ
689 1782 854 1828 σοφοῦ
888 1775 1157 1828 βασιλείου
1191 1773 1274 1814 καὶ
1311 1774 1553 1826 λιβανίου
1579 1781 1665 1814 τοῦ

315 1841 583 1887 σοφιστοῦ.
619 1837 693 1887 Ep.
713 1830 856 1875 α-κα’
880 1836 1110 1874 numeratae
1134 1835 1208 1873 hoc
1232 1834 1369 1874 ordine
1388 1846 1428 1873 se
1447 1834 1666 1884 excipiunt:

320 1897 444 1936 1—6.
466 1897 504 1935 8.
529 1897 565 1935 7.
588 1897 655 1935 22.
678 1896 862 1935 13-21,
887 1895 1070 1934 10-12,
1101 1894 1173 1944 Ep.
1197 1895 1221 1932 9
1241 1893 1362 1942 deest,
1384 1894 1553 1932 fortasse
1573 1893 1668 1943 quia

315 1955 501 1995 librarius
525 1956 605 1994 iam
632 1957 752 1994 antea
770 1967 858 1993 eam
877 1953 1177 2004 deprehendisse
1197 1952 1274 1992 sibi
1291 1951 1401 1992 visus
1426 1954 1504 2000 est,
1528 1964 1666 2002 quam·

314 2026 437 2064 quam
462 2027 601 2054 revera
625 2014 673 2053 de
699 2013 916 2064 exemplari
940 2013 1037 2060 eius,
1061 2024 1120 2063 ep.
1143 2013 1240 2060 760,
1265 2011 1408 2063 agitur.
1447 2010 1618 2050 Contuli.

376 2074 525 2113 Eadem
552 2086 614 2113 res
640 2075 701 2112 est
726 2073 768 2111 in
793 2072 926 2112 codice
951 2085 971 2110 e
997 2071 1130 2110 Vatic.
1151 2072 1206 2110 83
1233 2070 1430 2121 descripto

378 2145 475 2185 338.
501 2144 858 2195 Neapolitano
883 2143 946 2182 111
967 2142 1005 2181 A
1027 2144 1080 2182 12
1108 2136 1281 2196 (215)⁸)
1306 2154 1358 2181 sc.
1377 2140 1463 2190 XV,
1487 2142 1560 2191 qui
1584 2153 1667 2180 cor-

317 2203 526 2254 pusculum
553 2204 621 2243 fol.
642 2203 916 2243 aior—407*
940 2201 1115 2253 praebet.
1152 2200 1399 2240 Examinavi.

376 2269 488 2307 Inter
511 2281 570 2319 ep.
594 2269 650 2308 20
674 2270 716 2307 et
740 2269 792 2306 21
828 2267 961 2306 sedem
991 2266 1113 2305 habet
1138 2266 1191 2304 22
1218 2266 1262 2304 in
1286 2264 1519 2315 corpusculo
1543 2276 1667 2315 prope

317 2341 344 2366 a.
363 2327 400 2368 V
419 2329 563 2372 stante,
589 2327 693 2378 quod
719 2326 878 2365 exhibet

379 2418 414 2463 1)
437 2418 558 2462 Supra
580 2428 615 2463 p.
637 2420 680 2452 91
707 2428 743 2451 n.
769 2419 825 2451 47.

379 2464 416 2509 2)
441 2463 561 2510 Supra
585 2475 622 2509 p.
642 2467 687 2498 62
698 2474 778 2509 sqq.
803 2474 839 2498 n.
860 2467 892 2498 1.
1014 2462 1050 2507 3)
1075 2460 1194 2506 Supra
1218 2472 1253 2506 p.
1274 2463 1320 2495 60
1343 2471 1380 2495 n.
1400 2463 1433 2494 2.
