1872 2924
338 226 423 268 208
637 224 1003 262 PROLEGOMENA
1030 226 1098 262 AD
1124 225 1382 263 EPISTULAS

263 322 333 355 619
398 315 494 354 298.
513 314 787 353 Marcianus
807 327 866 365 gr.
888 315 940 353 61
963 314 1124 354 membr.
1143 314 1294 354 formae
1314 315 1598 366 quart.·se.x1‚
1618 317 1686 367 qui

334 375 512 413 continet
540 374 623 412 274
649 368 905 426 epistulas²);

262 441 331 473 620
396 434 479 472 299
520 431 854 472 Coislinianus
880 433 1114 472 secundus
1139 432 1295 472 Mat-ani
1321 433 1490 483 quernis
1509 434 1551 473 in
1570 447 1682 485 prae-

334 492 484 531 fatione
515 491 700 531 editionis
730 493 832 530 tomi
856 491 917 530 111
942 505 979 542 p.
1008 491 1150 531 oxon
1174 505 1381 531 numerum
1408 494 1491 532 288
1519 495 1685 546 gessisse

334 554 374 590 et
398 551 590 601 epistulas
617 551 701 590 328
734 552 976 590 continuisse
1007 551 1115 590 dicit.
1153 551 1210 590 At
1234 552 1268 591 is
1294 551 1415 591 codex
1445 553 1548 592 teste
1579 555 1686 593 cata-

331 610 424 662 logo
462 610 760 650 Montefalconii
797 610 898 649 nihil
934 610 1078 650 Basilii
1113 612 1290 650 continet
1326 623 1454 661 neque
1490 612 1524 651 is
1561 612 1688 652 alium

335 669 598 719 epistularum
633 669 773 708 Basilii
810 669 985 709 codicem
1017 670 1235 720 appellavit
1266 683 1392 720 neque
1429 670 1546 710 hodie
1583 671 1687 711 alius

337 728 603 768 Coislinianus
629 729 670 767 in
694 728 946 768 bibliothecis
972 729 1156 769 Parisina
1180 731 1221 768 et
1242 729 1540 779 Petropolitana
1565 732 1686 770 extat.

334 787 503 827 Videtur
535 788 660 840 igitur
692 790 784 838 post
818 801 853 826 a.
878 789 1006 836 1715,
1040 800 1119 838 quo
1150 788 1357 839 catalogus
1389 789 1687 830 Montefalconii

332 847 553 896 editusest,
578 847 859 887 bibliothecam
887 846 1171 887 Coislinianam
1196 849 1379 895 intrasse,
1409 848 1478 887 sed
1502 849 1685 888 incendio

331 906 402 945 illo
434 907 514 946 diei
542 908 607 946 19.
633 907 736 958 Aug.
763 919 797 945 a.
826 908 952 957 1794,
984 920 1063 957 quo
1093 906 1335 946 bibliotheca
1369 909 1686 959 congregationis

333 965 371 1005 S.
392 964 579 1005 Germani
602 967 645 1004 in
670 966 804 1005 Pratis
830 968 991 1005 vastata
1015 969 1087 1016 est,
1112 967 1286 1016 periisse.

260 1032 326 1065 621
393 1026 490 1064 300.
506 1025 763 1065 Parisinus
780 1038 838 1076 gr.
855 1027 936 1065 971
953 1025 1078 1064 chart.
1092 1037 1143 1064 sc.
1157 1025 1264 1074 XVI,
1282 1025 1378 1065 olim
1393 1026 1543 1077 Regius
1558 1027 1685 1076 2897,

331 1084 508 1136 Regius
534 1084 771 1124 secundus
797 1084 1000 1134 Martini,
1027 1085 1097 1134 qui
1122 1086 1299 1124 continet
1324 1085 1466 1124 Basilii
1492 1087 1578 1125 334
1604 1088 1684 1137 epi-

331 1144 468 1182 stulas.

391 1262 547 1301 Primae
571 1264 732 1302 tantum
756 1274 899 1301 novem
924 1262 1119 1312 epistulae
1148 1263 1260 1301 1—9
1287 1264 1459 1302 insertae
1484 1265 1579 1302 sunt
1603 1264 1684 1314 syl-

330 1322 445 1372 legae
464 1321 725 1372 epistularum
747 1322 832 1361 340
850 1321 1145 1361 Basilianarum
1164 1322 1379 1372 inscriptae
1398 1320 1595 1362 ἐπιστολαὶ
1612 1328 1684 1362 τοῦ

329 1378 444 1433 ἁγίου
463 1380 664 1432 βασιλείου
683 1378 898 1420 ἐπισκόπου
913 1381 1138 1434 καισαρείας
1151 1381 1438 1433 καππαδοκίας,
1457 1393 1557 1431 quas
1569 1395 1683 1432 prae-

329 1439 397 1478 bet
421 1440 543 1479 codex

259 1506 328 1538 622
392 1501 487 1539 31³1.
514 1499 781 1538 Vaticanus
812 1512 870 1551 gr.
897 1500 984 1538 434
1015 1499 1139 1538 chart.
1165 1499 1316 1538 formae
1349 1502 1477 1549 quart.
1504 1511 1556 1538 sc.
1585 1500 1684 1539 XIII

330 1558 397 1597 fol.
420 1559 643 1598 18'—1s'.
681 1558 851 1609 Inspexi.

390 1617 550 1668 Septem
574 1619 733 1657 tantum
758 1618 951 1668 epistulas
975 1619 1082 1657 inter
1105 1618 1251 1657 electas
1271 1618 1495 1657 Basilianas
1520 1618 1683 1668 praebet

330 1676 449 1716 codex

258 1742 328 1775 628
392 1737 489 1775 302.
515 1736 852 1776 Berolinensis
877 1750 935 1788 gr.
964 1738 1048 1775 214
1076 1737 1200 1776 chart.
1226 1748 1278 1776 sc.
1304 1736 1409 1787 XVI,
1435 1738 1554 1776 antea
1581 1735 1681 1776 cla-

327 1799 660 1844 romontanus,
711 1795 896 1846 deinceps
940 1795 1354 1835 Meermannianus
1401 1797 1505 1845 365,
1549 1795 1681 1834 Phil-

328 1853 535 1904 lipsicus
564 1855 691 1904 1617,
715 1854 878 1894 miscell.
898 1855 966 1893 fol.
987 1856 1233 1894 323—330.
1267 1854 1488 1906 Inscriptae
1513 1857 1608 1894 sunt
1632 1854 1681 1894 ἐκ

327 1919 419 1953 τῶν
449 1912 709 1953 ἐπιστολῶν
739 1919 820 1953 τοῦ
851 1912 990 1967 ἁγίου
1022 1913 1282 1966 βασιλείου.
1317 1914 1473 1953 Primae
1499 1907 1542 1953 δ’
1566 1910 1630 1966 (=
1653 1917 1677 1954 9

330 1968 447 2026 Mar.)
479 1975 520 2012 et
543 1973 739 2012 secundae
765 1968 829 2012 ιθ’
855 1969 920 2025 (=·
942 1969 1048 2027 334)
1075 1973 1289 2013 succedunt
1312 1974 1384 2013 sub
1410 1986 1515 2012 num.
1541 1969 1680 2013 ἰδ-λ’

329 2044 467 2071 comm.
494 2045 553 2082 ep.
582 2033 709 2081 3—9‚
741 2032 813 2071 sub
843 2028 917 2072 κδ’
941 2032 1084 2072 Basilii
1114 2046 1174 2083 ep.
1196 2034 1252 2071 54
1279 2033 1387 2083 Mar„
1413 2033 1479 2071 cui
1503 2033 1679 2072 succedit

330 2091 529 2141 particula
553 2105 613 2142 ep.
635 2086 746 2145 93²).
785 2091 841 2130 Ut
865 2105 886 2130 e
910 2092 1147 2132 lectionibus
1166 2105 1227 2142 ep.
1248 2092 1274 2130 8
1294 2086 1517 2145 apparet3),
1541 2092 1584 2130 in
1602 2092 1678 2131 lec-

328 2150 503 2190 tionibus
533 2152 741 2201 tantopere
771 2163 862 2190 cum
888 2150 1099 2202 Reginensi
1130 2151 1316 2199 concinit,
1345 2154 1392 2189 ut
1416 2150 1468 2190 ad
1492 2152 1595 2190 hunc
1618 2151 1679 2201 ip-

327 2221 414 2247 sum
445 2209 509 2248 vel
534 2210 677 2249 saltem
702 2209 877 2249 codicem
900 2210 1021 2249 huius
1045 2210 1223 2249 familiae
1247 2210 1375 2248 redire
1401 2210 1589 2249 dicendus
1613 2211 1677 2249 sit.

389 2315 423 2356 1)
449 2310 610 2346 Zanettii
634 2310 803 2357 catalog.
822 2311 839 2346 Ι
857 2316 914 2348 42.

389 2360 424 2403 2)
448 2357 566 2395 Catal.
586 2358 836 2394 Studemundi
861 2361 899 2395 et
922 2357 1056 2395 Cohnii
1080 2371 1116 2406 p.
1137 2363 1193 2395 93.

388 2407 423 2449 3)
450 2405 550 2448 Quas
574 2405 614 2441 P.
639 2406 753 2450 Maas.
781 2405 900 2443 uelat.
920 2406 1027 2442 acad.
1048 2406 1166 2442 Berol.
1188 2411 1291 2452 1912,
1310 2410 1379 2442 922
1399 2406 1613 2443 coniectura
1630 2406 1676 2441 li-

327 2452 443 2487 brarii
468 2453 639 2488 iuventas
665 2465 745 2489 esse
769 2464 966 2499 perperam
990 2453 1168 2500 opinatus
1193 2456 1262 2490 est.
