1872 2924
351 190 405 234 18
443 190 625 227 LIBANII
647 190 730 234 QUI
754 191 1023 229 FERUNTUR
1047 193 1394 231 OHARACTERES
1420 196 1684 236 EPISTOLICI

347 279 546 319 codicibus
565 279 798 319 Libanianis
823 281 922 319 facit
945 282 1031 319 tum
1051 282 1226 320 ordinem
1248 296 1381 331 eorum
1402 286 1577 334 servavit
1594 289 1698 327 teste

346 338 483 376 eodem
505 338 690 388 Hinckio,
715 339 785 389 qui
809 352 898 378 eum
922 339 1060 379 littera
1080 341 1112 379 I
1130 341 1366 393 insignitum
1389 343 1430 382 in
1455 344 1583 384 lucem
1606 359 1699 397 pro·-

345 398 479 436 traxit.
513 396 590 436 Sed
615 411 694 436 non
720 398 849 437 solum
874 398 997 438 etiam
1021 402 1204 450 proprias
1227 401 1270 439 in
1288 401 1425 442 libello
1445 404 1604 444 exhibet
1620 405 1696 445 lec-

345 457 485 506 tiones⁷
517 456 585 496 sed
613 457 734 496 etiam
758 459 851 507 post
875 457 1016 509 μικτὴν
1040 459 1132 498 inde
1159 472 1182 498 a
1207 460 1305 500 folio
1333 463 1385 500 77
1413 475 1537 513 usque
1563 464 1612 504 ad
1640 466 1695 505 88

345 528 533 566 magnum
565 529 772 555 numerum
804 517 1075 567 exemplorum
1099 520 1324 569 spuriorum
1349 521 1566 572 subiunxit,
1595 536 1698 574 quae

346 575 594 615 Weichertus
620 589 666 614 ex
691 589 737 615 eo
763 576 908 615 litteris
943 577 1018 616 Vat
1040 578 1232 629 insignito
1257 592 1295 629 p.
1313 579 1406 619 LVI
1431 581 1557 620 edidit
1579 596 1618 634 p.
1639 583 1693 622 37

343 635 460 672 —66
487 646 581 673 usus
601 634 748 673 tabulis
768 636 1046 687 phototypicis.
1084 636 1191 682 Quas
1210 639 1316 686 mihi
1329 652 1484 690 quoque
1502 640 1696 691 inspicere

344 693 469 733 licuit.
501 693 695 732 Hinckius
721 696 761 733 et
785 695 889 734 hunc
914 698 1070 735 secutus
1096 697 1342 736 Weichertus
1367 700 1523 738 tantum
1548 700 1589 738 in
1615 701 1699 753 epi-

345 753 462 792 stulis
486 753 584 803 ipsis
603 753 792 793 lectiones
812 754 899 793 eius
918 755 1182 805 protulerunt,
1207 757 1274 795 sed
1293 758 1335 795 in
1353 757 1415 796 his
1436 771 1594 810 quoque
1612 760 1697 799 sine

344 812 428 850 ullo
449 811 686 852 detrimento
712 814 1097 862 praetermittuntur.
1131 814 1192 854 De
1210 816 1276 855 fol.
1299 817 1355 855 80
1375 818 1423 856 cf.
1443 817 1597 870 Proleg.
1623 819 1697 858 sub

344 884 382 909 n.
404 872 500 912 281.

405 930 464 969 Ex
490 930 626 970 eodem
651 931 760 970 fonte
785 933 965 971 manavit
990 933 1111 972 codex

273 996 342 1028 453
405 991 472 1028 44.
498 989 766 1030 Vaticanus
798 1004 854 1042 gr.
884 993 999 1031 1733
1030 993 1152 1033 chart.
1178 995 1327 1033 formae
1354 998 1429 1034 oct.
1455 995 1615 1035 miscell.
1643 1009 1698 1039 sc.

342 1049 416 1087 XV
443 1052 599 1088 exeunt.
625 1050 692 1089 fol.
722 1051 827 1090 202’1
862 1063 985 1101 aeque
1020 1055 1140 1102 atque
1171 1053 1240 1092 ille
1272 1054 1487 1105 inscriptus
1520 1053 1696 1108 πρόπλου

343 1106 433 1159 περὶ
466 1106 757 1160 ἕπιστολιμαίου
791 1115 1046 1163 χαρακτῆρος,
1081 1112 1147 1151 sed
1181 1113 1260 1151 iam
1295 1113 1363 1153 fol.
1390 1115 1475 1152 214
1502 1109 1694 1167 Ἐρωτική

344 1167 474 1207 verbis
505 1166 706 1221 ἐντρυφᾶν
734 1168 984 1220 διαιτήμασιν
1015 1165 1080 1224 (=
1101 1172 1170 1221 53,
1198 1173 1252 1211 10
1271 1167 1353 1226 W.)
1379 1173 1532 1214 desinit.
1571 1172 1695 1219 Quem

344 1226 590 1266 Weichertus
609 1227 727 1266 Rabii
753 1229 905 1267 schedis
930 1241 1023 1268 usus
1045 1230 1191 1270 litteris
1217 1231 1275 1270 Vb
1293 1231 1527 1284 insignitum
1546 1246 1583 1283 p.
1604 1232 1696 1272 LVI

343 1287 386 1325 in
412 1288 647 1336 apparatum
673 1287 824 1338 recepit
847 1288 958 1327 nullo
982 1289 1128 1329 fructu.
1165 1290 1334 1341 Inspexi.

273 1352 343 1383 454
404 1346 472 1384 45.
492 1345 766 1385 Marcianus
786 1361 843 1399 gr.
865 1349 945 1386 521
971 1349 1093 1387 chart.
1116 1350 1264 1388 formae
1285 1351 1414 1400 quart.
1435 1363 1485 1390 sc.
1499 1351 1606 1401 XIV,
1625 1353 1693 1402 qui

344 1405 412 1444 fol.
426 1406 527 1444 102ι
540 1405 682 1456 incipit
694 1406 825 1445 verbis
840 1405 864 1456 ξ
876 1408 930 1446 49
946 1407 1197 1460 μιμούμενος.
1218 1408 1346 1463 ὥσπερ
1359 1408 1433 1462 γὰρ
1444 1405 1509 1463 (=
1522 1424 1559 1461 p.
1570 1406 1695 1464 34‚8)

344 1466 386 1502 et
409 1465 478 1503 fol.
506 1465 776 1505 103¹—105*
807 1467 986 1517 exempla
1011 1469 1146 1517 spuria
1176 1469 1368 1519 inscripta
1393 1467 1518 1522 ἕτεραι
1543 1468 1693 1510 ἐπιστο-

344 1521 409 1563 λαὶ
434 1522 567 1574 ὅμοιαι
593 1523 739 1563 subicit
768 1525 860 1564 inde
885 1525 934 1564 ab
960 1524 1202 1582 ἐπαινετικῇ·
1236 1527 1368 1576 οἱήτὰς
1393 1527 1530 1581 ἀρετὰς
1556 1524 1612 1583 (p.
1628 1530 1697 1578 37,

348 1585 370 1621 1
392 1578 563 1636 Weich.)
594 1595 718 1634 usque
745 1580 801 1622 'ad
831 1585 1143 1638 παραγγελτικὴν
1168 1585 1194 1638 ἢ
1219 1585 1590 1640 ἕπιφωνηματικήν’
1616 1595 1695 1628 τῶν

345 1638 542 1694 ἡμετέρων
579 1643 766 1691 πολλάκις
802 1639 858 1696 (p.
882 1645 949 1694 60,
970 1647 1022 1684 21
1039 1641 1132 1700 W).
1184 1646 1274 1685 Mea
1305 1658 1424 1686 causa
1455 1648 1697 1687 examinavit

344 1701 513 1741 Ioannes
538 1701 704 1742 Veludo.
747 1703 994 1742 Weichertus
1012 1704 1165 1744 'litteris
1189 1706 1266 1745 Ma
1291 1706 1463 1746 codicem
1487 1706 1698 1759 insignivit

407 1819 505 1859 Cum
518 1820 714 1860 Vaticano
730 1822 814 1861 306
831 1824 916 1861 arte
933 1824 1094 1874 cognati
1107 1827 1203 1863 sunt
1215 1824 1366 1863 codices
1380 1837 1520 1875 parum
1534 1825 1698 1877 integri:

273 1885 342 1916 455
406 1879 474 1918 46.
507 1878 866 1921 Laurentianus
896 1881 987 1920 LIX
1019 1883 1044 1922 5
1075 1883 1237 1922 membr.
1262 1884 1413 1923 formae
1444 1886 1572 1935 quart.
1605 1885 1696 1923 mai.

346 1950 398 1977 sc.
418 1939 504 1987 XV,
531 1939 597 1978 sed
622 1939 738 1978 initio
763 1942 882 1979 caret.
914 1941 1017 1980 Nam
1044 1942 1111 1981 fol.
1135 1943 1239 1982 106v
1257 1943 1400 1994 incipit
1418 1943 1548 1982 verbis
1567 1943 1695 1983 20:50-

347 1996 451 2049 ρίαις
476 2009 538 2037 σοι
562 1998 749 2050 χραίνειν,
775 2012 877 2049 quae
897 2003 993 2039 sunt
1010 2002 1298 2055 παροξυντικῆς
1323 1998 1380 2054 (p.
1395 2004 1498 2048 43,9
1513 1998 1696 2055 Weich.)

347 2058 541 2107 Sequitur
564 2058 894 2110 παραμυθητικὴτ
926 2059 973 2099 τὰ
991 2060 1214 2113 σκυθρωπὰ
1231 2061 1289 2112 (p.
1310 2063 1380 2110 41,
1401 2056 1480 2115 19)
1495 2066 1536 2101 et
1554 2061 1697 2100 ultima

345 2119 408 2155 est
432 2117 500 2156 fol.
523 2119 624 2156 110¹
654 2115 844 2169 ἀμοιβαία
876 2132 977 2169 quae
1009 2120 1153 2170 incipit
1180 2115 1251 2167 Ὡς
1282 2119 1445 2172 ἀληθῶς
1479 2118 1597 2161 οὐδὲν
1628 2126 1699 2172 τῆς

347 2173 503 2228 ἀγάπης
540 2178 581 2215 et
618 2176 765 2215 desinit
800 2176 867 2217 καὶ
897 2175 1012 2229 ἡμῶν
1042 2177 1350 2231 ὖπερευχόμενος
1385 2175 1449 2233 (=·
1476 2181 1530 2219 87
1563 2194 1600 2231 p.
1629 2182 1697 2230 54,

349 2236 542 2284 21—-55,
565 2236 618 2274 13
645 2235 823 2285 Weich.).
872 2237 921 2276 In
946 2238 1074 2277 lucem
1099 2240 1297 2288 protraxit
1321 2239 1515 2280 Hinckius
1539 2250 1578 2290 p.
1600 2240 1697 2279 542.

346 2294 540 2344 Exempla
565 2296 701 2345 spuria
725 2308 772 2334 ex
792 2308 838 2335 eo
856 2296 993 2336 littera
1011 2297 1054 2335 F
1067 2298 1259 2349 insignito
1279 2311 1316 2348 p.
1330 2298 1423 2338 LVI
1447 2298 1573 2338 edidit
1590 2299 1698 2336 Wei-

346 2354 504 2392 chertus
534 2366 572 2403 p.
594 2355 768 2393 43-55
806 2355 956 2395 tabulis
992 2357 1262 2407 phototypicis
1296 2369 1401 2398 usus.
1457 2357 1513 2397 Cf.
1541 2358 1696 2408 Proleg.

346 2412 420 2451 sub
438 2425 475 2451 n.
499 2413 594 2452 282.
