1872 2924
407 232 428 270 13·
447 233 479 264 4.
511 226 577 263 DE
601 225 825 264 ECLOGAE
850 224 889 262 Σ
909 221 1267 261 PROPAGmlsz
1442 222 1520 264 lll

163 330 275 367 vero,
305 317 347 357 id
379 320 441 356 est
471 315 591 357 codex
623 328 674 355 sc.
695 313 803 364 XIV,
833 314 978 365 incipit
1004 312 1134 353 verbis
1159 310 1404 365 δημιουργὸν
1428 322 1523 351 συν-

164 377 393 431 εκεχώρητο,
417 389 522 428 quae
548 380 642 415 sunt.
666 389 726 426 ep.
742 375 827 414 405
848 371 903 426 (X
923 367 1120 427 399,13).
1152 371 1279 411 Periit
1302 371 1371 412 fol.
1386 373 1426 421 3,
1444 380 1525 422 quo

163 442 322 489 praeter
345 437 464 477 finem
490 449 550 487 ep.
567 436 651 475 374
678 437 720 474 et
745 447 805 485 ep.
823 435 923 483 330,
947 445 1050 484 quae
1076 432 1168 471 huic
1193 431 1234 470 in
1255 431 1525 482 Neapolitano

163 497 339 538 succedit
357 496 600 547 initiumque
620 508 680 546 ep.
697 495 782 534 405
803 506 884 534 una
904 493 1077 544 epistula
1096 490 1388 532 continebatur.
1418 490 1524 530 Nam

163 569 266 609 quae
303 569 363 608 ep.
388 557 471 596 407
505 554 681 595 succedit
717 567 777 605 ep.
803 555 907 602 441,
945 565 1152 592 numerum
1187 551 1293 603 gerit
1325 553 1527 591 octavum.

164 616 250 657 Hoc
275 616 416 656 folium
443 616 608 667 periisse
633 615 808 654 testatur
833 612 1034 652 Schottus.
1074 611 1207 651 Verba
1232 623 1325 650 vero
1351 610 1522 663 margini

163 676 344 717 inferiori
370 675 459 716 folii
489 674 654 715 secundi
679 673 900 725 adscripta:
931 673 1086 712 Desunt
1110 683 1209 720 quae
1233 670 1409 720 suppleri
1431 681 1524 719 pos·

162 739 255 775 swa!
272 748 318 776 ex
337 736 457 776 altero
476 734 689 784 exenvplari
706 746 802 784 paq.
816 734 917 778 200,
941 735 989 771 ut
1007 732 1087 771 iam
1107 731 1236 770 Relat.
1252 730 1376 771 Acad.
1391 729 1526 769 Berol.

168 797 299 844 1885,
326 796 410 836 913
446 795 547 844 dixi,
582 794 649 834 vix
681 793 731 833 ab
765 794 846 833 alio
880 794 1031 843 scripta
1065 803 1149 831 esse
1184 792 1354 841 possunt
1386 789 1464 829 nisi
1500 801 1526 827 a

163 855 384 895 Mem-sio.
427 854 555 894 Penes
585 853 691 893 bunc
722 853 827 892 enim
858 852 988 892 solum
1020 851 1142 891 codex
1173 862 1254 889 una
1281 862 1370 888 cum
1396 850 1527 888 altero

161 915 390 966 exemplari,
415 914 458 954 id
482 916 544 954 est
568 913 823 965 Lincopiensi
848 912 1089 951 Benzeliano
1109 911 1144 949 A
1170 910 1410 958 Meursiam,
1435 909 1524 948 fuit.

162 974 278 1022 Quod
307 987 402 1014 vero
434 973 524 1014 finis
555 974 625 1013 ille
656 972 902 1025 supplendus
932 971 974 1010 in
1005 971 1079 1010 hoc
1106 970 1240 1010 codice
1272 969 1352 1008 iam
1378 982 1457 1009 non
1484 969 1525 1007 in

155 1036 311 1086 paqe'na
334 1035 442 1080 200,
467 1034 534 1074 sed
564 1034 647 1074 193
674 1029 841 1084 legitur,
873 1045 893 1069 e
919 1031 1159 1071 detrimento
1184 1030 1392 1078 foliorum,
1418 1028 1526 1079 quod

163 1094 229 1135 hic
253 1093 376 1134 codex
400 1106 542 1146 passus
567 1096 643 1143 est,
669 1093 788 1132 facile
813 1092 1045 1142 explicatur.
1083 1090 1233 1129 Eadem
1260 1101 1354 1128 vero
1381 1099 1527 1127 manus

161 1153 326 1194 Mem-sii
357 1153 408 1193 ad
433 1153 556 1193 verba
586 1154 659 1192 illa
689 1152 856 1192 alterius
888 1151 1125 1202 exemplaris
1151 1149 1191 1188 id
1218 1152 1279 1189 est
1303 1148 1521 1188 Meursiani

161 1215 202 1254 in
227 1214 406 1266 margine
432 1213 611 1265 sciipsit:
635 1214 710 1252 huc
730 1224 850 1261 usquc
867 1212 1034 1251 aeterum
1054 1210 1270 1259 exemplar:
1292 1210 1335 1248 in
1360 1220 1435 1257 quo
1456 1208 1522 1247 de-

160 1276 253 1313 sunt
275 1285 376 1324 quae
399 1274 461 1313 hic
483 1274 663 1322 deinceps
685 1275 910 1322 sequamur.

220 1332 268 1372 ln
294 1346 354 1384 ep.
370 1334 547 1383 8—228,
573 1345 676 1384 quae
701 1334 934 1383 sequuntur,
958 1330 1078 1370 codex
1098 1329 1278 1369 ordinem
1302 1328 1386 1368 fere
1409 1329 1522 1367 tenet

161 1393 440 1444 Neapolitani,
475 1395 640 1444 excepto
672 1392 779 1444 quod
813 1391 1027 1430 nonnullas
1058 1389 1196 1438 habet,
1231 1400 1334 1439 quae
1365 1387 1416 1426 ab
1446 1387 1524 1427 hoc

162 1453 327 1502 absunt,
357 1455 406 1492 ut
438 1453 535 1492 666.
569 1453 667 1492 351.
701 1453 799 1491 355.
833 1452 930 1490 808.
960 1450 1073 1490 1398
1106 1449 1211 1488 inter
1242 1449 1325 1487 411
1355 1449 1396 1486 et
1422 1448 1521 1487 440.

161 1513 299 1564 Neque
330 1525 425 1552 vero
455 1514 504 1552 ut
534 1512 600 1552 hic
630 1513 674 1551 in
706 1525 764 1563 ep.
789 1513 872 1550 112
906 1510 1071 1557 desinit,
1109 1509 1175 1548 sed
1211 1509 1433 1559 sequuntur
1463 1508 1520 1546 48

161 1572 359 1624 epistulae
386 1567 664 1624 (230-277)
691 1589 735 1603 -=
763 1572 861 1610 815.
896 1571 993 1609 345.
1027 1570 1123 1608 431.
1159 1569 1256 1608 325.
1290 1568 1386 1606 841.
1422 1567 1522 1605 404.

162 1634 259 1672 253.
293 1633 362 1672 32.
395 1633 494 1672 807.
524 1633 620 1672 792.
656 1633 752 1671 748.
788 1631 884 1671 326.
920 1631 1018 1668 334.
1046 1630 1142 1668 364.
1172 1629 1269 1668 368.
1297 1628 1395 1666 371.
1422 1627 1521 1666 377.

160 1692 259 1732 378.
286 1693 384 1732 381.
413 1692 510 1732 385.
538 1693 636 1732 400.
665 1693 761 1732 503.
790 1691 887 1731 509.
916 1690 1012 1729 510.
1042 1689 1140 1728 516.
1165 1689 1262 1726 552.
1284 1687 1521 1726 560-563.

160 1752 257 1792 578.
287 1752 384 1791 694.
412 1752 509 1791 695.
537 1752 576 1791 8.
604 1752 671 1791 60.
695 1752 791 1790 114.
816 1751 912 1789 115.
936 1750 1031 1789 119.
1056 1750 1151 1787 127.
1180 1747 1277 1786 128.
1299 1747 1399 1786 130.
1423 1748 1522 1785 150.

161 1812 256 1852 164.
286 1813 382 1851 173.
413 1812 508 1851 182.
539 1812 635 1851 194.
665 1812 762 1850 192.
790 1811 895 1860 220,
934 1821 1038 1860 quae
1069 1810 1163 1847 sunt
1192 1808 1235 1846 in
1267 1805 1519 1857 Lincopiensi

158 1872 386 1911 Mem-siano
408 1872 642 1911 247-292.
675 1870 829 1910 Ultimo
843 1868 1038 1909 vocabulo
1058 1881 1117 1919 ep.
1132 1867 1217 1906 220
1236 1866 1384 1905 desinit
1398 1865 1519 1904 codex

161 1943 212 1971 sc.
232 1930 339 1970 XIV.
384 1930 462 1970 Sed
488 1930 688 1971 Mem-sius
713 1929 968 1980 subscripsit:
997 1928 1051 1967 In
1076 1928 1197 1967 altero
1222 1926 1434 1976 exemplari
1460 1926 1525 1964 hic

156 1992 330 2041 sequitur
349 1991 516 2040 epistula
540 2003 624 2030 uma
642 1991 696 2030 ad
714 1989 958 2034 Anatolium,
983 1989 1096 2028 cuius
1116 1988 1269 2026 initium
1289 1983 1522 2032 Λουκιανὸς

157 2047 179 2089 ὁ
205 2048 253 2090 οὐ
278 2049 407 2090 πάντα
431 2048 608 2103 εὐτυχής.
648 2050 750 2090 Ecce
768 2052 897 2088 autem
917 2049 986 2088 tibi·
1009 2048 1128 2086 illam.
1167 2045 1253 2084 Iam
1279 2046 1459 2095 sequitur
1478 2044 1518 2082 in

158 2110 254 2150 solio
279 2114 488 2149 numerato
514 2109 678 2160 quidem
705 2105 850 2164 (118),
883 2107 950 2147 sed
975 2108 1108 2147 soluto
1133 2106 1230 2145 haec
1258 2117 1318 2156 ep.
1341 2105 1424 2143 256
1452 2103 1517 2142 de·

157 2170 290 2209 sinens
317 2169 447 2210 verbis
472 2174 546 2209 σοῦ
571 2183 609 2209 τε
634 2169 792 2217 εἰκότως
817 2166 872 2221 (Χ
894 2169 993 2215 248,
1010 2161 1084 2219 17)
1109 2165 1269 2215 iisdem,
1301 2164 1444 2215 quibus
1477 2164 1516 2201 in

160 2229 397 2279 Meursiano,
422 2232 463 2268 et
486 2229 528 2268 in
548 2230 708 2281 paginis
728 2230 785 2269 20
810 2229 908 2267 item
927 2227 1069 2267 solutis
1094 2225 1414 2276 supplementum
1435 2224 1518 2273 epi-

156 2289 285 2329 stulae
312 2289 366 2328 89
394 2284 459 2342 (==
482 2284 607 2343 369),
640 2291 681 2328 et
714 2291 765 2328 21
802 2286 999 2339 epistulae
1030 2287 1211 2336 integrae
1242 2279 1391 2337 (1154.
1418 2283 1519 2322 857.

161 2349 255 2388 132.
283 2349 381 2388 688.
410 2350 538 2388 1060.
566 2349 664 2388 248.
693 2349 820 2388 1039.
850 2348 975 2386 1411.
1006 2346 1132 2385 1397.
1168 2344 1265 2384 909.
1294 2344 1391 2382 121.
1420 2343 1518 2382 796.

157 2410 255 2448 511.
283 2409 380 2447 301.
409 2409 537 2448 1288.
565 2409 663 2448 323.
700 2409 797 2447 964.
826 2407 922 2446 746.
958 2406 1055 2445 331.
1087 2405 1184 2443 372.
1212 2398 1318 2456 809)
1350 2415 1372 2442 e
1404 2404 1522 2454 parte

156 2469 286 2519 priore
312 2467 585 2518 Lincopiensis
611 2467 828 2507 Meursiani
856 2462 1043 2519 (1—37)
1068 2464 1302 2513 descriptae.
