1872 2924
355 204 417 247 90
655 205 1023 243 PROLEGOMENA
1048 207 1116 242 AD
1141 207 1401 245 EPISTULAS

356 306 497 333 marus
532 294 663 344 Luqd.
688 294 780 334 Bat.
810 294 972 335 OIOIO
981 294 1143 336 CCXX.
1182 296 1258 335 Sed
1281 297 1492 341 Reimarus
1522 311 1602 338 non
1626 312 1709 339 om·

358 366 427 392 nes
452 353 562 393 illius
587 353 733 393 codicis
759 354 952 404 epistulas
983 355 1160 407 integras
1185 356 1443 407 exemplavit,
1468 358 1536 397 sed
1560 371 1709 409 earum,

358 424 457 462 quas
483 425 531 451 ex
556 413 796 465 apographis
821 412 973 452 Olearii
981 409 1015 467 ¹)
1039 415 1300 464 epistularum
1325 419 1366 455 et
1384 413 1709 458 Berolinensibus

357 472 384 510 i.
399 484 432 511 e.
458 484 478 510 e
505 472 706 511 codicibus
732 472 985 512 Baroccianis
1011 487 1067 524 gr.
1082 475 1122 513 4.
1138 476 1174 514 9.
1196 475 1263 513 56.
1286 476 1352 515 50.
1376 475 1488 515 Bodl.
1508 476 1618 516 Misc.
1639 477 1708 517 38.

354 530 607 571 Berolinensi
638 545 703 582 qu.
725 532 749 570 3
782 526 848 585 (=
869 527 974 586 302)
1009 532 1128 572 factis
1162 533 1380 585 descriptas
1411 547 1532 585 penes
1565 547 1607 574 se
1638 535 1707 575 ha-

353 589 494 640 bebat,
523 591 626 630 nihil
651 591 730 629 nisi
753 590 916 630 nomina
940 604 1076 631 eorum
1101 592 1152 631 ad
1177 605 1278 643 quos
1303 593 1421 632 datae
1446 595 1558 643 sunt,
1589 595 1709 635 initia

357 651 398 688 et
424 650 566 689 exodia
592 650 801 700 descripsit
825 650 1093 702 lectionesque
1127 653 1285 690 tantum
1315 652 1585 704 discrepantes
1610 654 1709 694 Vos-

356 709 460 747 siani
494 709 537 748 in
570 710 749 760 margine
784 709 1011 760 adscripsit,
1044 713 1092 749 ut
1128 711 1213 761 ipse
1249 711 1291 750 in
1328 712 1424 751 folio
1460 715 1481 751 1
1518 714 1709 752 testatur:

351 768 439 806 NB
467 771 504 807 1.
536 780 704 817 quarum
734 769 891 808 initium
923 771 958 808 et
985 770 1104 818 finem
1133 772 1195 810 hic
1224 773 1376 809 tantum
1399 772 1523 817 vida,
1548 773 1710 812 collatae

355 831 450 866 sunt
480 828 542 867 vel
575 840 663 867 cum
695 828 950 868 Fabricianis
985 830 1046 868 vel
1082 829 1421 876 Berolinensibus‚
1456 831 1525 870 ubi
1559 843 1710 881 semper

355 888 512 935 sianum
537 887 628 926 LB.
657 887 853 927 lectionem
876 889 1001 927 nostri
1031 889 1172 928 codicis
1202 892 1319 928 notat.
1344 889 1562 940 Postquam
1586 891 1710 930 talem

356 946 398 984 in
430 946 591 986 modum
624 947 816 996 epistulas
848 946 993 987 codicis
1019 947 1205 987 Vossiani
1235 948 1353 988 modo
1383 950 1561 1001 integras
1592 950 1709 990 modo

356 1006 565 1045 truncatas
598 1005 667 1044 fol.
698 1006 866 1045 1—251
908 1019 997 1045 cum
1033 1006 1322 1058 subscriptione
1359 1021 1380 1046 e
1411 1007 1606 1048 Vossiano
1642 1022 1708 1060 pe-

355 1065 434 1103 tita
466 1062 667 1104 ἐπιστολαὶ
697 1070 767 1105 τοῦ
799 1065 982 1117 λιβανίου
1013 1066 1130 1118 χίλιαι
1162 1066 1284 1106 εἴκοσι
1315 1065 1382 1106 καὶ
1410 1067 1480 1119 μία
1511 1067 1710 1120 praebuit,

355 1127 579 1174 sequuntur
602 1124 776 1174 primum
799 1125 869 1164 fol.
885 1126 1117 1165 253—387
1144 1126 1338 1177 epistulae
1357 1126 1530 1166 ineditae
1550 1139 1597 1166 ex
1615 1140 1710 1179 apo·

356 1184 510 1234 grapho
543 1183 592 1223 ab
617 1181 776 1224 Oleario
806 1185 849 1223 in
880 1197 997 1224 usum
1021 1185 1194 1224 Fabricii
1224 1198 1245 1225 e
1271 1185 1524 1226 Baroccianis
1554 1187 1661 1226 facto
1686 1199 1712 1226 a

355 1242 544 1282 Reimaro
569 1242 791 1294 descriptae
801 1238 835 1297 ²)
861 1245 902 1282 et
925 1243 1163 1284 lectionibus
1186 1244 1501 1295 discrepantibus
1525 1245 1712 1286 Vossiani

353 1302 587 1352 instructae,
618 1302 759 1342 deinde
783 1302 852 1342 fol.
873 1304 1108 1344 389—450
1133 1304 1303 1343 eundem
1321 1304 1364 1343 in
1381 1304 1544 1344 modum
1562 1305 1711 1356 epistu-

354 1362 419 1400 lae
445 1375 491 1400 ex
516 1362 747 1412 apographo
765 1362 1008 1402 Lacroziano
1027 1362 1174 1402 codicis
1193 1363 1460 1404 Berolinensis
1477 1377 1556 1403 non
1576 1376 1712 1404 secun-

353 1420 451 1459 dum
476 1421 609 1471 huius,
633 1420 702 1460 sed
719 1421 908 1461 Vossiani
927 1421 1104 1461 ordinem
1123 1422 1355 1473 descriptae.
1392 1422 1599 1463 Reimarus
1618 1436 1712 1474 apo-

355 1480 555 1531 graphum
580 1492 694 1520 suum
720 1481 865 1520 Wolfio
889 1481 1081 1521 utendum
1104 1476 1351 1536 concessit³).

419 1538 603 1579 Codicem
629 1540 677 1579 N.
695 1539 899 1591 Madvigio
925 1540 1100 1592 gratiose
1129 1541 1400 1581 intercedente
1424 1541 1714 1582 Vratislaviam

356 1599 523 1638 missum
546 1600 782 1639 examinavi.

418 1658 529 1698 Haec
554 1658 715 1709 quidem
741 1659 788 1698 de
813 1659 959 1699 codicis
988 1660 1043 1698 Vo
1067 1659 1365 1712 propaginibus.

416 1776 503 1816 Iam
530 1789 601 1817 nos
625 1779 772 1817 vocant
795 1777 875 1817 duo
898 1777 962 1817 illi
986 1777 1156 1826 codices,
1181 1790 1280 1829 quos
1304 1780 1385 1817 iam
1410 1791 1530 1829 supra
1556 1773 1613 1832 (p.
1635 1773 1712 1833 71)

357 1835 440 1875 dixi
464 1837 615 1876 fontem
640 1836 786 1876 habere
811 1850 1058 1877 communem
1077 1833 1142 1892 (d)
1161 1849 1251 1877 cum
1270 1837 1485 1888 exemplari
1504 1851 1525 1877 e
1545 1851 1625 1888 quo
1652 1838 1713 1878 Va

358 1899 400 1934 et
432 1896 488 1935 Vo
513 1896 725 1945 fluxerunt,
749 1897 841 1949 MOI
871 1898 912 1936 et
935 1897 1047 1949 ΜαῙ.

421 1954 664 2006 Compendio
688 1968 783 1995 vero
801 1956 892 2009 MOI
923 1955 1102 2007 significo
1127 1956 1325 2007 syllogam
1349 1957 1519 2007 priorem
1541 1956 1713 1995 duarum

359 2015 652 2064 collectionum,
677 2027 777 2065 quas
800 2014 967 2065 praebet
990 2015 1111 2054 codex

282 2082 356 2114 497
421 2074 491 2113 47.
516 2074 817 2124 Mosquensis
848 2087 906 2126 gr.
931 2075 1036 2125 459,
1068 2075 1164 2114 olim
1191 2075 1275 2114 316
1309 2068 1488 2127 (eccm
1518 2074 1561 2112 in
1594 2074 1712 2114 catal.

358 2128 574 2187 Matthaei)
595 2133 719 2172 chart.
733 2145 785 2173 sc.
799 2133 885 2183 XV,
904 2133 1001 2172 olim
1018 2133 1302 2172 monasterii
1319 2133 1565 2172 Iberorum
1585 2145 1713 2172 mon·

357 2192 426 2232 tis
450 2192 618 2242 Athoi,
643 2204 664 2230 e
690 2205 768 2244 quo
795 2205 829 2233 a.
851 2193 964 2232 1654
989 2205 1062 2243 per
1084 2193 1434 2232 hieromonachum
1457 2191 1714 2231 Arsenium

358 2251 571 2302 Mosquam
593 2253 843 2291 transvectus
867 2253 929 2291 est
951 2252 1118 2291 testibus
1145 2251 1470 2303 inscriptionibus
1494 2251 1563 2290 fol.
1585 2253 1608 2290 1
1634 2256 1714 2290 τῶν

359 2309 513 2363 ι’βήρων
543 2312 585 2350 et
614 2309 810 2351 Arsemfus
839 2332 888 2338 —
911 2309 952 2362 ᾗ.
989 2310 1178 2350 Continet
1214 2311 1313 2351 duas
1344 2311 1596 2351 collectiones
1629 2310 1714 2360 epi-

421 2390 455 2435 1)
482 2388 585 2424 Infra
609 2388 678 2424 sub
702 2400 739 2424 n.
761 2392 840 2425 159.
862 2392 943 2425 161.

419 2438 455 2482 2)
481 2435 583 2471 Infra
608 2435 677 2471 sub
701 2448 738 2472 n.
760 2439 838 2473 161.
984 2437 1020 2482 3)
1043 2435 1146 2472 Infra
1170 2435 1239 2472 sub
1264 2448 1300 2472 n.
1322 2439 1400 2472 193.
