1872 2924
336 230 423 274 212
637 231 1005 269 PROLEGOMENA
1032 234 1108 287 AD¹
1125 235 1385 272 EPISTULAS

334 319 441 359 f01.1
469 322 569 359 teste
594 320 853 371 inscriptione
874 322 942 361 Ex
960 323 1041 363 cod.
1058 322 1215 363 Arund.
1233 306 1307 364 Mg
1334 308 1524 365 Βασιλεία)
1548 329 1601 382 τᾷ
1626 323 1680 379 up*

335 378 498 431 μεγάλω.
530 379 701 430 Inspexi.

392 444 527 484 Prima
540 439 607 497 (1)
629 447 669 484 et
680 445 825 486 ultima
838 441 935 499 (21)
949 447 1122 497 epistula
1134 449 1310 499 corporis
1323 449 1553 501 primigenii
1565 451 1688 491 etiam

334 516 417 554 pro
442 505 674 554 exemplis
699 505 747 543 in
772 518 907 546 usum
932 506 1204 546 scholarum
1228 508 1377 548 electae
1402 511 1495 549 sunt
1517 510 1561 549 in
1585 512 1689 550 trac-

335 565 427 602 tatu
449 561 540 617 περὶ
564 562 819 603 ἐπιστολικῶν
843 565 992 617 τύπων,
1017 578 1134 616 quem
1160 567 1338 607 continet
1362 568 1483 608 codex

266 634 332 666 629
395 629 493 669 320.
514 627 1094 680 Constantinopolitanus
1115 630 1153 670 S.
1170 630 1392 682 Sepulcri
1413 629 1542 687 547¹)
1561 634 1687 673 chart.

332 689 484 727 formae
517 689 647 738 quart.
677 701 728 728 sc.
753 688 874 728 XV11.
917 689 991 736 Qui
1026 690 1171 740 incipit
1203 690 1334 731 verbis
1366 690 1548 744 ἐπιστολή
1581 691 1688 733 ἔστιν

333 745 504 795 ἀπόντος
536 745 636 799 πρὸς
673 745 825 788 ἀπόντα
858 744 1089 803 διάλεξις’),
1126 749 1226 789 duae
1263 763 1357 790 vero
1395 752 1592 802 epistulae
1628 765 1687 792 se-

334 807 514 856 quuntur
537 806 643 845 inter
667 807 848 858 exempla
866 806 1113 849 ἐπαινετικοῦ
1133 814 1375 862 χαρακτῆρος
1395 812 1436 849 et
1454 817 1688 851 συστατικοῦ

333 865 555 906 ronow-fol.
578 867 602 904 5
628 867 669 905 et
696 867 781 906 18'.
815 867 986 917 Inspexi.

393 930 573 981 Denique
608 932 757 971 mentio
789 931 918 972 brevis
948 932 1148 972 inicienda
1178 935 1238 973 est
1267 934 1551 973 nonnullorum
1581 936 1687 975 codi-

333 1002 434 1038 cum,
461 990 528 1040 qui
555 990 777 1041 singulas
796 993 955 1030 tantum
974 992 1050 1031 vel
1071 992 1210 1032 binas
1229 994 1481 1032 continent
1499 994 1687 1043 epistu-

333 1049 424 1098 las,
448 1049 514 1088 vix
538 1052 585 1087 ut
609 1049 913 1100 disceptandum
938 1051 1001 1100 sit,
1026 1053 1091 1090 cui
1115 1052 1233 1092 classi
1258 1052 1340 1092 sint
1363 1052 1577 1102 tribuendi,
1607 1054 1689 1094 sed

334 1109 534 1157 nullam,
559 1121 661 1158 quae
681 1111 817 1148 extra
836 1111 1175 1161 corpusculum
1194 1110 1534 1163 primigenium
1553 1112 1689 1152 sedem

333 1167 531 1207 habuerit.
568 1167 688 1208 Cuius
714 1169 869 1220 generis
894 1171 1004 1209 sunt:

264 1232 333 1265 630
395 1228 492 1266 321.
513 1226 857 1268 Ambrosianus
877 1229 906 1268 O
923 1232 976 1269 11
999 1242 1086 1280 sup.
1100 1224 1272 1284 (169)⁸)
1291 1229 1432 1269 olimT
1446 1232 1543 1281 203,
1562 1230 1687 1271 chart.

335 1281 408 1338 (21
431 1297 479 1324 ><
500 1288 568 1336 14,
589 1282 675 1340 3c.)
701 1299 753 1328 sc.
773 1287 869 1327 XVI
893 1288 963 1339 qui
988 1290 1167 1329 continet
1191 1301 1330 1329 comm.
1350 1302 1409 1340 ep.
1433 1292 1453 1328 1
1483 1291 1524 1329 et
1550 1292 1589 1339 2,
1619 1290 1689 1330 sed

333 1346 438 1384 hanc
462 1346 541 1385 iam
562 1346 694 1386 verbis
713 1344 980 1398 ἐπανήκοντας
1000 1346 1044 1388 δέ
1061 1359 1135 1388 σου
1156 1343 1226 1402 (XI
1247 1349 1345 1398 574,
1365 1343 1411 1401 4)
1433 1348 1688 1389 desinentem.

393 1405 441 1443 In
466 1406 645 1457 eclogam
670 1406 932 1456 epistularum
951 1407 1123 1457 Libanii,
1147 1420 1250 1458 quae
1269 1407 1322 1447 ad
1340 1410 1381 1447 Σ
1401 1407 1517 1454 redit,
1542 1408 1689 1454 codicis

396 1466 492 1504 322.
519 1465 820 1506 Basileensis
849 1466 878 1505 F
900 1466 997 1506 VIII
1023 1462 1094 1520 4⁴)
1121 1461 1186 1521 (ε-
1207 1463 1305 1520 Bas)
1331 1479 1382 1508 sc.
1408 1468 1483 1506 XV
1506 1467 1575 1507 fol.
1603 1469 1689 1507 150

334 1525 440 1563 inter
473 1524 555 1563 195
589 1526 630 1563 et
655 1525 739 1564 618
771 1526 922 1566 inserta
946 1527 1007 1566 est
1031 1538 1171 1566 comm.
1197 1539 1257 1577 ep.
1286 1528 1312 1565 4
1343 1526 1495 1567 mendis
1520 1528 1689 1567 scatens.

337 1582 508 1623 Contuli.

265 1650 330 1680 631
397 1645 493 1683 323.
526 1643 793 1684 Vaticanus
826 1642 1184 1685 ottobonianus
1215 1658 1272 1697 gr.
1301 1646 1354 1685 63
1387 1645 1548 1684 membr.
1580 1639 1686 1699 (276

335 1705 475 1741 ><2o5
495 1697 607 1756 mm)
632 1705 725 1752 post
749 1703 933 1744 homilias
955 1702 1138 1757 Gregorii
1156 1704 1349 1756 Theologi
1366 1705 1409 1743 in
1428 1704 1524 1744 folio
1545 1703 1688 1743 ultimo

335 1757 481 1815 (283')
507 1775 629 1800 manu
653 1762 804 1801 recenti
829 1765 1033 1802 exaratam
1058 1765 1236 1803 continet
1260 1776 1399 1803 comm.
1419 1777 1478 1814 ep.
1502 1764 1568 1804 15.

395 1856 490 1895 Alia
514 1870 576 1897 res
602 1858 665 1897 est
687 1858 731 1896 in
756 1857 959 1897 nonnullis
984 1858 1186 1897 codicibus
1212 1858 1339 1897 adhuc
1362 1871 1505 1909 parum
1528 1860 1688 1908 perqui-

336 1915 442 1965 sitis,
482 1917 528 1954 ut
562 1916 642 1955 dici
673 1916 782 1955 haud
815 1919 953 1967 queat,
994 1929 1186 1967 quasnam
1221 1917 1452 1957 contineant
1483 1916 1686 1968 epistulas.

338 1975 491 2014 Horum
516 1977 578 2015 est

268 2045 335 2077 632
400 2041 497 2078 324.
523 2040 710 2080 Atheus
735 2040 907 2082 Iberon
930 2042 1013 2081 165
1039 2042 1165 2083 chart.
1191 2042 1341 2082 formae
1366 2044 1495 2092 quart.
1522 2043 1614 2082 mai.
1635 2054 1689 2083 sc.

336 2098 411 2136 XV
430 2100 604 2148 miscell,
624 2112 741 2150 quem
760 2101 828 2140 fol.
851 2102 935 2140 229
962 2103 1003 2140 et
1023 2102 1110 2141 230
1135 2104 1215 2141 tres
1235 2101 1427 2151 epistulas
1446 2103 1604 2141 mutuas
1622 2100 1690 2140 Li-

399 2179 433 2220 1)
458 2177 566 2213 Hunc
598 2178 764 2214 codicem
796 2179 886 2214 olim
915 2179 1015 2215 vidit
1044 2183 1083 2215 et
1107 2178 1409 2215 commemoravit
1433 2179 1690 2214 Betbmannus

337 2225 377 2260 in
401 2224 539 2260 Pertzii
565 2225 724 2262 Archivo
748 2226 799 2261 IX
824 2230 905 2268 64⁶1,
931 2226 1036 2262 ouius
1062 2226 1351 2272 descriptionem
1375 2226 1553 2272 repetivit
1572 2225 1690 2271 Papa-

338 2271 499 2318 dopulus
525 2272 728 2309 Kerameus
752 2274 780 2309 t.
806 2273 857 2309 IV
882 2277 962 2310 43¹1.
1004 2274 1213 2320 Descrsptio
1244 2273 1355 2318 ἔαρος
1378 2274 1516 2318 legitur
1539 2273 1604 2310 fol.
1629 2277 1688 2308 46.

398 2318 512 2402 ffltcf.
532 2319 698 2356 codicem
719 2320 912 2357 Constant.
933 2321 968 2357 S.
990 2321 1160 2368 Sepulcri
1179 2325 1248 2357 542
1270 2321 1370 2357 infra
1389 2321 1458 2357 sub
1476 2333 1514 2357 n.
1533 2323 1603 2357 880
1622 2320 1689 2356 de-

339 2377 437 2412 scnp
456 2378 530 2402 um.

398 2417 434 2459 3)
460 2414 508 2450 Cf
534 2414 703 2450 Martinii
728 2416 766 2450 et
791 2415 914 2451 Bassii
938 2415 1050 2452 catal.
1069 2428 1107 2462 p.
1128 2419 1208 2452 180.

398 2465 436 2507 4>
462 2461 582 2507 Supra
606 2474 641 2508 p.
663 2465 707 2498 98
733 2474 769 2498 ιι.
790 2466 848 2499 58.
