1872 2924
335 238 393 281 62
643 237 1007 274 PROLEGOMENA
1030 238 1097 273 AD
1122 237 1385 274 EPISTULAS

335 326 540 365 Pollucem
559 327 627 366 fol.
646 328 815 366 89—91
839 329 920 365 tres
940 317 1137 376 epistulae
1148 326 1299 376 primae
1312 325 1407 365 libri
1424 321 1542 379 ς’(τ3
1559 328 1690 367 1045.

339 387 466 424 1046.
494 381 640 439 1048),
665 386 836 436 denique
861 386 928 424 fol.
958 387 1031 424 92:
1055 385 1134 424 lib.
1156 388 1182 424 4
1209 404 1253 416 =
1280 385 1417 435 epist.
1442 382 1521 424 lib.
1548 386 1690 435 epist.

336 456 413 497 (my
437 439 502 497 (—
525 440 659 498 1078)
687 448 743 483 et:
768 459 806 495 p.
827 446 925 484 263.
950 445 1029 495 Ep.
1049 455 1126 484 σοε
1145 444 1224 483 lib.
1247 446 1284 483 3.
1305 440 1368 498 (--=
1391 439 1502 496 586)
1522 446 1564 483 et
1588 446 1686 485 235.

398 504 459 543 Ex
482 505 557 545 hoc
581 504 714 543 codice
740 505 975 542 Henricus
995 503 1220 542 Valesius
1244 505 1288 542 in
1311 504 1417 542 notis
1439 503 1491 542 ad
1508 501 1686 542 Ammia-

336 576 435 602 num
454 564 562 603 locos
582 563 759 614 singulos
786 563 1065 613 epistularum,
1087 563 1325 612 Tanaquil
1345 563 1496 602 Faber
1513 562 1557 601 in
1573 575 1686 613 prae-

338 622 489 662 fatione
521 623 571 661 ad
597 623 784 672 Dionysii
802 622 972 673 Longini
1003 620 1092 675 περὶ
1123 621 1257 672 ὕψους
1287 622 1468 660 libellum
1500 621 1693 660 Salmurii

340 683 454 722 1663
482 695 542 732 ep.
565 683 691 731 1078,
717 681 992 721 Fridericus
1012 682 1256 720 Brummer
1273 683 1317 719 inv
1334 681 1616 720 commentario
1635 681 1693 720 ad

336 742 464 793 legem
492 741 668 780 Cinciam
693 740 857 780 Parisiis
879 742 992 780 1668
1020 741 1126 780 edito
1146 755 1183 791 p.
1207 742 1290 780 108
1317 753 1376 790 ep.
1399 742 1513 779 1224
1538 739 1688 790 publici

335 801 434 840 iuris
459 801 649 839 fecerunt.
686 800 933 839 Examinavi.

398 859 605 914 Secundus
636 859 757 899 codex
788 859 966 910 aliquam
997 859 1138 899 saltem
1168 862 1324 909 partem
1354 871 1376 897 e
1406 858 1602 898 Vaticano
1631 859 1687 896 83

334 919 531 970 originem
555 919 662 969 cepit

263 987 333 1018 469
398 980 435 1017 5.
463 975 716 1017 Parisinus
747 991 805 1029 gr.
834 979 947 1018 2963
981 978 1104 1017 chart.
1130 978 1280 1016 formae
1305 977 1372 1016 fol.
1393 988 1445 1016 sc.
1463 976 1591 1015 XVII.
1627 973 1690 1015 De

337 1051 416 1088 quo
443 1037 550 1087 quod
574 1037 781 1088 catalogus
809 1037 1065 1077 Mellotianus
1097 1038 1272 1076 a.1740
1302 1036 1517 1086 impressus
1541 1033 1694 1085 ‚nuper‘

332 1097 467 1148 inquit
484 1100 659 1146 Memptus
683 1108 758 1144 quo
777 1098 1020 1136 continentur
1037 1097 1203 1135 Libanii
1223 1097 1413 1147 epistolae,
1438 1107 1458 1134 e
1476 1095 1583 1133 codd
1611 1095 1688 1133 Va-

333 1158 475 1196 ticanis
507 1155 744 1205 descriptae‘,
776 1155 959 1195 firmatur
987 1155 1216 1195 testimonio
1247 1154 1517 1204 inscriptionis
1547 1153 1615 1193 fol.
1643 1157 1690 1192 1:

333 1216 448 1254 Inter
471 1227 603 1254 recens
629 1218 772 1264 emptos
799 1215 890 1254 Cod.
911 1217 980 1254 72.
1013 1215 1161 1264 Remus
1182 1216 1310 1254 2783.
1349 1213 1514 1253 Constat
1532 1226 1552 1251 e
1572 1215 1688 1263 quat-

334 1278 428 1314 tuor
451 1274 644 1325 partibus.
684 1274 859 1320 Quarum
883 1275 1013 1324 prima
1040 1275 1094 1313 35
1121 1273 1278 1325 paginis
1298 1273 1579 1323 comprehensa
1597 1285 1687 1311 con-

331 1335 436 1374 tinet
461 1335 636 1384 primum
656 1334 824 1372 indicem
845 1334 1103 1384 epistularum
1125 1333 1341 1372 secundum
1358 1332 1480 1371 libros
1499 1331 1691 1370 Vaticani

336 1393 582 1445 digestarum
604 1406 707 1443 quae
726 1393 870 1432 desunt
887 1394 928 1431 in
946 1393 1077 1431 indice
1096 1393 1265 1431 Morelli.
1301 1392 1347 1430 In
1366 1405 1405 1442 p.
1421 1395 1442 1430 1
1466 1391 1570 1429 enim
1589 1390 1689 1441 legi·

330 1455 399 1491 tur
429 1453 587 1505 βιβλίου
616 1451 642 1491 ἆ
665 1458 735 1492 τοῦ
760 1452 941 1504 λιβανίου
966 1450 1163 1491 ἐπιστολαὶ
1188 1452 1232 1491 αἳ
1255 1449 1328 1491 οὔκ
1352 1451 1452 1490 εἰσιν
1476 1449 1520 1489 ἐν
1544 1452 1597 1505 τῷ
1617 1449 1682 1488 πί-

330 1527 424 1551 νακι
449 1517 520 1552 τοῦ
544 1512 686 1565 κυρίου
713 1509 944 1564 Μορέλλου,
974 1513 1016 1550 in
1050 1511 1208 1562 paginis
1242 1510 1498 1560 sequentibus
1529 1509 1688 1561 βιβλίου

330 1589 370 1640 β,
396 1605 439 1642 γ,
474 1588 511 1640 ὃ,
551 1603 582 1638 ε,
620 1601 660 1634 ς.
718 1587 907 1638 Sequitur
948 1589 1088 1628 index
1132 1588 1448 1639 epistolarum
1491 1585 1689 1624 Libanii

332 1661 452 1698 quae
477 1650 526 1687 in
545 1648 698 1687 Vatic.
720 1647 1029 1687 Bibliotheca
1053 1648 1379 1698 reperiuntur,
1405 1647 1517 1685 cuius
1541 1646 1585 1683 in
1607 1644 1686 1683 fine

331 1720 369 1756 p.
392 1708 447 1747 35
474 1707 639 1759 legitur:
667 1708 747 1746 Hic
771 1710 827 1746 est
848 1708 943 1755 finis
967 1709 1141 1746 omnium
1167 1707 1417 1755 epistolarum
1435 1705 1600 1743 Libanii
1616 1703 1684 1742 So—

323 1767 481 1815 phistac
512 1779 611 1814 quac
641 1768 890 1815 reperiwntur
919 1768 964 1806 in
987 1767 1151 1806 sedecim
1176 1766 1282 1805 codd.
1317 1765 1530 1804 Vaticanae
1553 1763 1686 1802 biblio-

331 1827 470 1866 thecae.
507 1838 637 1865 mense
662 1827 859 1864 Ianuario
888 1825 1011 1865 1620.
1050 1825 1147 1864 Pars
1179 1824 1352 1864 secunda
1378 1825 1433 1863 34
1461 1823 1569 1862 foliis
1594 1834 1682 1861 con-

329 1885 434 1924 tinet
468 1885 641 1924 indicem
679 1885 941 1935 epistularum
978 1886 1155 1923 omnium
1192 1884 1443 1934 inscriptum:
1481 1881 1687 1933 Λιβανίου

330 1943 470 1996 Σύρου
514 1946 720 1995 Σοφιστοῦ
766 1942 832 1983 καὶ
872 1944 1141 1996 Κοιαίστωρος
1184 1942 1397 1983 ἐπιστολῶν
1439 1941 1594 1994 βιβλίον
1634 1938 1687 1991 ἆ,

331 2004 403 2053 qui
433 2003 475 2042 in
508 2003 706 2043 Vaticano
739 2004 793 2042 83
825 2004 892 2043 fol.
922 2004 1033 2042 1-6
1067 2004 1225 2055 legitur.
1274 2002 1486 2052 Perperam
1517 2013 1611 2040 vero
1643 2011 1689 2038 se

329 2062 452 2102 habet
476 2063 685 2113 inscriptio
710 2062 802 2101 huic
828 2062 1081 2102 antecedens:

485 2152 551 2190 Ex
577 2152 742 2192 codice
767 2164 834 2191 ms
858 2151 1097 2191 Vaticano
1123 2164 1242 2190 num.
1269 2148 1524 2189 CCCCXXCI

329 2222 461 2262 Codex
502 2223 608 2262 enim
645 2223 864 2262 Vaticanus
907 2236 965 2274 gr.
997 2224 1079 2262 481
1121 2223 1223 2261 alias
1260 2221 1452 2271 epistulas
1495 2220 1687 2259 continet.

328 2282 467 2322 Tertia
503 2295 597 2333 pars
635 2282 794 2321 exhibet
832 2282 1048 2321 editionem
1084 2281 1345 2331 epistularum
1381 2279 1542 2318 Libanii
1577 2277 1686 2328 prin-

328 2341 457 2391 cipem
483 2341 638 2380 duobus
662 2343 783 2380 tomis
809 2341 1143 2390 comprehensam,
1168 2352 1271 2390 quae
1294 2338 1494 2378 Guilelmo
1514 2336 1687 2376 Morello

327 2400 463 2439 deberi
481 2403 660 2451 putatur.
681 2400 780 2439 Pars
800 2403 946 2450 quarta
959 2400 1117 2452 paginis
1133 2400 1332 2449 tituloque
1351 2410 1489 2438 carens
1508 2396 1690 2436 continet

327 2460 523 2509 epistulas
549 2460 715 2499 selectas
741 2472 762 2498 e
788 2458 986 2499 Vaticano
1014 2460 1067 2498 83
1095 2458 1313 2509 descriptas
