1872 2924
341 220 363 261 2
382 220 415 253 8.
454 214 519 252 DF:
544 214 767 252 SYLLOGA
790 214 984 252 ALTERA
1009 227 1045 253 c:
1072 215 1181 252 VAT.
1202 215 1281 253 GR.
1301 219 1347 252 8⁶
1468 216 1521 260 71

161 307 248 359 egit
270 305 423 347 radices
440 306 469 345 d
486 307 528 345 et
546 317 577 355 e,
602 318 705 356 quae
724 308 766 345 et
783 305 895 356 ipsae
914 304 1130 356 perierunt,
1155 305 1225 346 sed
1243 306 1379 357 plures
1398 306 1524 346 habu-

161 368 280 408 eruut
303 366 556 418 propagines.

222 426 358 477 Atque
382 438 405 464 e
427 425 561 476 priore
585 424 748 475 quidem
773 423 906 463 radice
931 424 959 464 d
977 425 1172 476 originem
1192 426 1384 475 ceperunt
1402 426 1443 463 et
1461 437 1526 464 co-

162 485 236 526 dex
262 484 362 526 satis
380 486 563 525 vetustus
581 485 611 532 f,
636 496 658 523 e
677 497 756 535 quo
776 483 997 524 Vaticanus
1015 497 1074 536 gr.
1095 485 1151 524 85
1171 480 1280 537 (Va)
1300 486 1340 523 et
1359 483 1525 523 Leiden-

163 547 218 587 sis
243 544 463 585 Vossianus
486 557 544 597 gr.
567 545 621 583 77
648 538 754 597 (Vo)
784 545 826 582 et
857 543 980 583 codex
1005 544 1255 594 Mosquensis
1281 544 1367 582 459
1393 539 1525 598 (M01)

163 606 206 644 et
230 604 456 645 Marcianus
482 616 539 655 gr.
560 604 642 644 441
666 597 800 656 (Μαι)
825 601 1016 655 descripti
1039 606 1152 653 sunt,
1177 615 1224 642 ex
1243 603 1374 642 altera
1391 602 1526 643 radice

164 675 185 705 e
209 664 336 704 multo
361 663 496 715 plures
520 663 688 713 codices,
712 663 782 713 qui
807 675 879 703 suo
903 662 992 703 loco
1013 662 1308 703 tractabuntur.

224 723 312 763 Iam
330 725 376 763 ut
395 723 446 762 ad
465 724 551 763 fata
570 722 794 774 apographi
811 734 833 762 c
850 735 922 762 nos
941 725 1233 773 convertamus,
1255 735 1399 773 corpus
1418 721 1526 773 quod

163 791 211 824 eo
242 782 521 824 continebatur
544 794 624 822 non
648 783 707 821 ita
732 782 861 821 multo
886 788 978 832 post
1002 781 1243 822 detrimenta
1268 783 1385 834 cepit.
1428 781 1526 821 Inde

163 843 284 892 euim,
313 842 421 894 quod
451 842 586 882 nullus
616 841 777 882 illorum
804 843 997 892 quattuor
1019 842 1199 882 codicum
1225 854 1346 881 unam
1372 855 1420 881 ex
1445 841 1528 892 epi·

165 902 295 951 stulis,
320 914 423 953 quae
450 902 484 942 V
507 901 592 942 solo
618 903 800 942 servatae
825 903 933 951 sunt,
957 901 1128 953 exhibet,
1153 902 1242 941 iure
1266 901 1434 953 colligas
1453 902 1527 941 has

166 964 247 1002 iam
274 962 324 1002 ab
348 961 580 1014 apographo
604 961 632 1001 d
656 961 815 1000 afuisse.
854 960 909 1000 Et
932 974 1176 1012 quamquam
1210 961 1269 1001 Va
1294 963 1436 1012 postea
1461 961 1526 1001 de-

165 1035 274 1061 mum
306 1023 516 1062 truncatus
547 1023 620 1070 est,
650 1021 825 1061 codicem
850 1020 969 1060 hodie
993 1020 1245 1072 deperditum
1269 1022 1296 1070 f
1313 1034 1394 1061 non
1419 1021 1528 1060 ultra

165 1081 380 1133 epistulam
409 1082 523 1120 1112
550 1093 630 1131 qua
662 1080 719 1119 Vo
742 1079 894 1132 finitur,
918 1092 1173 1132 progressum
1192 1093 1277 1121 esse
1300 1093 1374 1120 nec
1391 1081 1528 1132 plures

165 1154 287 1193 quam
309 1142 420 1181 1021
450 1140 491 1179 id
516 1142 578 1180 est
601 1140 700 1180 duas
724 1142 860 1191 partes
884 1140 1148 1191 epistularum
1174 1140 1419 1180 continuisse
1445 1152 1528 1179 ma·

165 1203 271 1240 xime
299 1199 509 1251 probabile
539 1202 611 1240 est.
648 1200 721 1239 Mo
751 1201 794 1239 et
822 1200 899 1239 Ma
930 1212 1024 1239 vero
1055 1200 1134 1239 iam
1166 1213 1246 1239 non
1272 1213 1429 1250 corpus,
1460 1200 1527 1240 sed

166 1260 325 1312 eclogas
354 1259 557 1311 praebent
597 1259 674 1299 Sed
705 1261 869 1310 superat
898 1270 919 1298 c
942 1259 1118 1299 codicem
1151 1260 1187 1298 V
1213 1259 1291 1299 fide
1317 1272 1400 1310 qua
1425 1259 1531 1298 ordi-

167 1332 258 1359 nem
283 1320 500 1373 genuinum
526 1319 789 1370 epistularum
814 1320 886 1370 qui
903 1321 992 1358 erat
1009 1321 1057 1358 ut
1075 1319 1264 1360 Seeckius
1283 1319 1530 1359 demonstra·

167 1380 230 1419 vit
252 1379 559 1431 chronologicus
584 1379 771 1419 servavit.
809 1378 850 1419 Is
875 1379 981 1418 enim
1005 1379 1048 1417 in
1075 1379 1120 1429 V,
1146 1381 1191 1418 ut
1209 1392 1331 1430 supra
1351 1380 1530 1429 exposui,

167 1439 234 1479 hic
256 1438 343 1478 illic
365 1440 583 1479 temeratus
607 1440 678 1479 est.

230 1497 315 1538 Iam
342 1498 523 1551 singulos
547 1498 830 1550 aggrediamur
854 1498 1020 1538 codices.

231 1559 299 1597 17.
326 1557 589 1598 Vaticanus
615 1570 672 1609 gr.
694 1552 794 1609 85¹)
820 1552 885 1611 (·-
904 1552 988 1610 Va)'
1019 1557 1182 1596 membr.
1208 1558 1361 1596 formae
1387 1559 1518 1608 quart.
1532 1563 1603 1596 4⁹18

172 1617 266 1657 mai.
291 1617 445 1657 duabus
470 1617 654 1656 manibus
678 1629 730 1657 sc.
751 1616 807 1655 XI
832 1619 1019 1657 exaratus
1045 1619 1116 1668 est,
1142 1629 1310 1667 quarum
1330 1618 1441 1668 prior
1459 1617 1530 1656 fol.

173 1679 335 1717 1—-11‘
364 1678 590 1716 atramento
616 1677 747 1725 fusco,
778 1676 907 1716 altera
937 1676 1006 1715 fol.
1029 1677 1273 1716 11'—249'
1303 1678 1531 1716 atramento

170 1736 290 1776 badio
314 1738 357 1775 et
380 1737 582 1787 scriptura
600 1736 721 1786 paulo
740 1735 994 1787 diligentiore
1013 1748 1087 1776 usa
1107 1738 1179 1776 est.
1219 1735 1339 1775 Caret
1358 1736 1531 1786 scholiis,

170 1796 325 1849 glossis,
355 1795 533 1835 numeris
559 1796 880 1846 quaternionum,
911 1795 982 1835 sed
1007 1795 1202 1846 epistulae
1227 1808 1348 1834 manu
1374 1795 1530 1834 librarii

171 1856 236 1895 vel
260 1867 381 1894 manu
401 1855 575 1895 secunda
591 1854 654 1894 illi
673 1855 855 1905 proxima
874 1850 939 1907 (=
959 1850 1037 1909 m')
1056 1857 1290 1894 numeratae
1309 1862 1415 1894 sunt.
1447 1855 1531 1893 Nu-

171 1915 274 1954 meri
291 1915 529 1967 paginarum
544 1927 665 1954 manu
679 1916 898 1964 posteriore
912 1914 1041 1954 additi
1053 1915 1158 1954 sunt.
1184 1913 1409 1965 Scriptura,
1428 1926 1532 1964 quae

173 1975 239 2013 hic
263 1974 347 2013 illic
371 1976 605 2023 evanuerat,
630 1986 751 2013 manu
774 1974 924 2013 recenti
949 1968 1047 2027 (m⁶)
1067 1975 1294 2013 atramento
1313 1973 1533 2025 nigricanti

172 2046 250 2073 uon
276 2046 433 2085 semper
462 2035 646 2073 accurate
676 2033 866 2073 restituta
889 2035 950 2072 est
973 2027 1043 2087 (cf.
1069 2046 1129 2084 ep.
1151 2028 1269 2086 725).
1307 2033 1394 2072 Iam
1413 2035 1534 2073 antea

168 2092 327 2134 duabus
346 2093 543 2142 manibus,
561 2105 734 2143 quarum
753 2092 882 2132 altera
895 2087 991 2145 (αι’)
1011 2094 1236 2132 atramento
1255 2091 1456 2142 subfusco,
1476 2093 1533 2132 al·

172 2154 262 2192 tera
280 2147 378 2206 (m⁴)
403 2152 578 2192 sufflavo
604 2164 677 2191 usa
699 2154 771 2202 est,
795 2154 836 2191 et
854 2152 952 2202 ipsis
970 2151 1194 2191 recentibus
1214 2153 1415 2192 correctus
1434 2154 1533 2192 erat.

175 2212 322 2251 Postea
334 2224 476 2251 manus
490 2213 514 2251 6
530 2213 757 2251 atramento
769 2212 885 2263 nigro
898 2223 970 2251 usa
982 2212 1026 2250 in
1038 2211 1273 2264 corrigendo
1286 2214 1447 2252 versata
1460 2215 1533 2252 est.

175 2271 251 2310 Imi
262 2271 463 2323 margines
475 2270 662 2310 foliorum
676 2271 776 2310 laesi
788 2272 892 2310 suut.
919 2270 1010 2310 Non
1023 2270 1146 2310 codex
1155 2272 1325 2323 integer,
1343 2271 1412 2310 sed
1426 2272 1534 2324 frag-

175 2334 355 2370 mentum
381 2332 452 2370 est.
487 2330 592 2369 Nam
616 2330 684 2369 fol.
707 2333 728 2369 1
757 2330 902 2380 incipit
926 2330 1059 2369 media
1082 2330 1125 2369 in
1150 2343 1210 2381 ep.
1232 2331 1287 2371 95
1315 2325 1373 2382 (p.
1394 2331 1465 2380 95,
1486 2325 1533 2384 3)

240 2410 274 2453 1)
298 2408 339 2443 ln
370 2407 544 2454 catalogo
576 2407 828 2444 bibliothecae
852 2407 1054 2443 Vaticanae
1077 2408 1127 2443 ab
1151 2407 1290 2444 fluuio
1315 2406 1443 2453 Serap.
1466 2407 1534 2444 XII

175 2467 211 2491 u.
233 2459 255 2491 ⁹
280 2467 335 2501 eq.
361 2455 464 2492 edito
489 2466 589 2491 uum.
613 2458 691 2491 102.
723 2454 820 2491 Vide
844 2453 902 2491 Fr.
922 2454 1048 2491 Zamb.
1068 2458 1126 2491 4⁷.
