1872 2924
341 181 396 223 12
434 179 618 216 LIBANII
639 177 722 222 QUI
746 176 1014 214 FERUNTUR
1038 176 1388 214 CHARAGTERES
1412 177 1677 216 EPISTOLICI

338 269 407 309 sed
438 269 487 307 ab
518 269 592 307 hoc
623 280 766 318 parum
799 268 996 315 accurate,
1028 267 1098 316 qui
1127 265 1315 311 lectiones
1347 266 1397 304 ab
1421 266 1695 306 Hercheriana

337 328 512 367 editione
537 327 806 376 discrepantes
824 325 998 375 protulit
1014 326 1058 364 in
1077 327 1374 376 programmate
1390 326 1588 376 gymnasii
1606 327 1690 366 Mo—

338 387 608 439 guntiacensis
631 386 743 425 1899
771 385 982 435 inscripto:
1006 383 1287 436 Mitteilungen
1312 396 1384 422 aus
1409 384 1497 423 dem
1523 386 1689 436 griechi-

338 447 457 486 schen
475 445 805 484 Miscellancodex
826 445 939 483 2773
967 443 1036 482 der
1054 442 1440 495 Grossherzoglichen
1461 443 1690 484 Hofbiblio-

337 506 434 544 thek
458 519 504 543 zu
522 503 756 544 Darmstadt
773 517 811 554 p.
835 503 886 541 16
910 505 950 541 et
971 504 1039 551 17,
1065 501 1207 552 quibus
1227 502 1474 541 Weichertus
1487 516 1525 552 p.
1544 503 1578 541 L
1596 516 1691 543 usus

337 566 409 605 est.
441 563 613 603 Contuli.

398 623 587 662 Eiusdem
618 622 756 661 classis
781 624 842 660 est
866 620 987 660 codex

267 704 335 736 437
401 696 468 734 27.
512 693 938 743 Cantabrigiensis
980 687 1316 730 bibliothecae
1349 692 1691 732 universitatis

338 754 414 793 Kk.
428 753 486 792 VI
508 754 562 792 23
584 753 708 792 chart.
728 752 879 792 formae
900 753 1029 801 quart.
1048 751 1142 790 min.
1163 763 1214 789 sc.
1228 750 1301 788 XV
1322 753 1477 789 exeunt.
1497 754 1695 800 exaratus,

338 816 385 852 ut
416 807 647 865 creditur¹)‚
678 824 702 850 a
733 810 904 862 Georgio
936 810 1207 860 Hermonymo
1234 809 1444 860 Spartano,
1475 810 1571 849 olim
1594 810 1627 849 1.
1647 811 1691 848 B.

339 871 648 921 Altini‚.deinde
672 871 834 910 Ioannis
858 869 964 909 Mori
981 869 1171 919 Episcopi
1188 868 1454 918 Mutinensis,
1480 882 1514 908 a.
1538 871 1649 908 1715
1668 881 1694 908 a

339 945 432 983 rege
453 930 623 981 Georgio
642 927 907 969 bibliothecae
927 929 1199 967 universitatis
1214 927 1553 979 Cantabrigiensis
1572 928 1693 968 dona-

340 994 416 1030 tus.
447 989 625 1029 Libellus
651 989 868 1039 inscriptus
893 986 982 1040 περὶ
1007 986 1276 1027 ἐπισταλτικοῦ
1301 992 1544 1039 χαρακτῆρος
1568 989 1694 1027 conti-

340 1052 457 1089 netur
480 1048 633 1088 ultimis
659 1048 804 1088 codicis
829 1047 939 1086 foliis
959 1048 1149 1096 48—67‚
1175 1058 1277 1096 quae
1299 1046 1476 1086 efficiunt
1494 1047 1698 1096 quaterni-

341 1133 435 1161 ones
459 1123 540 1159 tres
563 1118 644 1173 (01⁰⁹
668 1117 798 1169 f01.8;
823 1119 885 1171 βο*
910 1119 978 1158 fol.
1000 1119 1024 1157 9
1052 1121 1092 1157 et
1120 1119 1194 1165 163
1224 1120 1285 1170 7⁰⁹
1315 1118 1383 1157 fol.
1412 1112 1498 1170 17).
1546 1117 1697 1168 Incipit

341 1179 362 1220 ὁ
394 1178 466 1231 μὲν
495 1178 773 1229 ἐπισταλτικὸς,
804 1178 951 1216 desinit
980 1176 1047 1216 καὶ
1077 1182 1155 1216 τῶν
1184 1176 1445 1228 καταθυμίων
1470 1174 1699 1216 ἀπολαύων.

341 1239 589 1278 Examinavi.

400 1298 539 1338 Eidem
567 1298 735 1347 denique
762 1298 879 1335 classi
902 1295 1135 1335 tribuendus
1159 1295 1318 1334 videtur
1342 1294 1464 1334 codex

270 1379 339 1411 438
401 1369 770 1409 28.Havniensis
789 1367 1114 1406 bibliothecae
1135 1365 1298 1416 regiae
1318 1359 1698 1418 qu.2l2b²)‚chart.

342 1430 527 1468 exaratus
553 1441 588 1467 a.
612 1429 723 1467 1496
751 1427 801 1466 ab
820 1426 999 1466 Ioanne
1019 1426 1286 1464 Trithemio
1311 1424 1478 1464 testibus
1496 1423 1700 1474 inscripti·

343 1487 484 1527 onibus
504 1488 572 1527 fol.
589 1488 662 1526 14¹·
679 1484 786 1534 τέλος
805 1485 879 1525 ἔτει
891 1488 943 1541 τῷ
954 1483 1033 1525 ἀπὸ
1046 1489 1116 1536 τῆς
1128 1489 1285 1537 χριστοῦ
1298 1488 1472 1536 σωτῆρος
1485 1480 1599 1534 ἡμῶν
1610 1497 1696 1535 γεν-

342 1546 493 1599 νήσεως
506 1548 682 1600 χιλιοστῷ
696 1547 978 1601 τετρακοσιοςῷ
996 1542 1235 1597 ἐννεακοστῷ
1246 1541 1363 1597 ἕκτόῳ
1371 1537 1471 1595 (sic)
1485 1540 1610 1593 μηνὸς
1624 1555 1695 1591 φε-

342 1606 561 1659 βρουαρίου
588 1604 644 1644 ἶᾶι·
677 1602 753 1658 ἐγὼ
779 1602 850 1655 μὲν
873 1602 949 1657 γὰρ
971 1599 1159 1654 Ἰωάννης
1184 1600 1206 1642 ὁ
1233 1601 1454 1654 Τρυθημίος
1477 1606 1548 1640 τοῦ
1573 1615 1697 1652 μονα-

343 1665 505 1718 στηρίου
530 1664 673 1704 τούτου
699 1663 742 1704 ἒν
761 1661 937 1714 Σπανὴμ,
954 1660 1060 1714 ἀββὰ
1078 1660 1257 1715 γέγραφα
1275 1660 1331 1708 εἰς
1349 1659 1423 1712 τὴν
1441 1658 1538 1711 ἐμοῦ
1557 1665 1702 1713 χρῆσιν

343 1723 411 1765 καὶ
428 1730 508 1764 τῶν
532 1723 637 1775 ἐμῶν
662 1721 848 1774 ἀδελφῶν
867 1724 908 1761 et
925 1722 993 1761 fol,
1017 1723 1088 1760 16¹r
1105 1720 1243 1760 Abbas
1261 1731 1366 1759 anno
1387 1721 1503 1758 1496
1527 1719 1586 1758 Io.
1608 1719 1695 1757 Tri-

344 1785 478 1823 temios
495 1784 648 1832 scripsi.
678 1782 763 1822 Fol.
785 1783 831 1821 1⁷
849 1782 1062 1831 inscriptus
1088 1781 1148 1819 est
1171 1777 1261 1831 περὶ
1284 1778 1553 1819 ἔπισταλτικοῦ
1577 1793 1698 1830 χαρα-

406 1886 440 1930 1)
465 1884 516 1920 Μ.
535 1883 936 1929 Vogel-Gardthausen
962 1886 1018 1918 74.

405 1934 442 1977 2)
467 1931 552 1967 Ado,
563 1930 690 1975 Adler,
710 1929 915 1977 Catalogue
934 1929 1251 1975 supplementaire
1270 1928 1336 1963 des
1347 1925 1573 1962 Manuscrits
1591 1935 1697 1971 grets

346 1979 393 2015 de
418 1979 458 2015 la
476 1978 573 2014 Bibl.
591 1979 720 2024 royale
746 1978 793 2013 de
813 1977 1074 2023 Coponhague,
1099 1975 1184 2022 Kgl.
1203 1974 1355 2010 Danske
1379 1972 1558 2010 Vidensk.
1578 1971 1697 2008 Selsk.

346 2026 518 2063 Skrifter.
538 2030 569 2061 7.
590 2026 633 2061 Β.
652 2025 740 2062 hist.
760 2037 810 2071 og
827 2025 920 2060 filos.
940 2023 1111 2067 afd.115‚
1131 2022 1388 2068 Kopenhagen
1403 2025 1494 2056 1916
1514 2022 1573 2065 (=
1586 2019 1700 2055 Mem.

347 2074 395 2110 de
419 2073 563 2110 l’Acad.
589 2073 654 2109 des
675 2072 846 2108 Sciences
867 2071 935 2107 VII
954 2072 1022 2107 ser.
1042 2071 1215 2116 (Lettres)
1234 2071 1261 2105 t.
1282 2073 1303 2104 2
1322 2081 1358 2104 n.
1378 2073 1399 2104 ὁ
1418 2080 1455 2114 p.
1476 2069 1559 2113 813)
1583 2079 1621 2112 p.
1642 2070 1696 2102 18.

345 2121 419 2156 Hic
455 2121 572 2157 codex
608 2120 758 2156 Ioannis
802 2119 997 2155 Trithemii
1034 2117 1195 2153 Abbatis
1239 2114 1528 2162 spanhemensis
1569 2124 1699 2149 nume-

347 2180 430 2204 rum
457 2172 500 2204 17
531 2168 631 2213 gerit
660 2167 700 2203 in
731 2167 855 2202 indice
882 2166 1108 2202 Graecorum
1137 2164 1368 2200 voluminum
1393 2162 1496 2199 edito
1520 2161 1561 2196 in
1584 2161 1698 2196 Para-

347 2215 547 2261 lipomenis
572 2214 835 2260 opusculorum
861 2214 964 2250 Petri
989 2213 1177 2248 Blesensis
1209 2213 1248 2247 et
1271 2210 1422 2247 Ioannis
1447 2207 1644 2244 Trithemii
1676 2218 1700 2242 a.

346 2263 486 2299 Ioanne
512 2263 657 2298 Busaeo
680 2261 856 2298 Coloniae
875 2260 1106 2307 Agrippinae
1128 2263 1219 2295 1624
1237 2271 1276 2304 p.
1296 2262 1381 2293 ‘1872
1408 2257 1530 2293 Codex
1546 2257 1700 2291 minoris

346 2311 487 2354 fomute
509 2311 669 2355 scriptus
692 2310 735 2345 in
755 2320 914 2356 papyro,
939 2310 981 2344 in
1004 2319 1077 2353 quo
1100 2307 1260 2342 subiecta
1278 2306 1521 2342 continentem.
1541 2304 1580 2339 li.
1599 2306 1620 2338 1
1641 2302 1702 2337 De

346 2358 538 2404 yevaeribus
555 2357 803 2403 epistolarum,
828 2358 921 2392 Item
941 2355 1113 2401 epistolae
1131 2355 1321 2398 formatae,
1344 2363 1444 2388 num.
1465 2353 1526 2395 37,
1542 2360 1701 2396 quarum

346 2407 598 2451 interpretatio
614 2405 757 2440 Latina
776 2404 821 2439 de
836 2404 941 2440 verbo
960 2403 1011 2438 ad
1028 2402 1174 2438 verbu-m
1193 2405 1244 2437 est
1261 2411 1279 2436 e
1290 2400 1435 2446 regione
1446 2398 1616 2445 apposita
1629 2396 1703 2432 etc.
