<?xml version="1.0" encoding="UTF-8"?>
<!DOCTYPE html PUBLIC "-//W3C//DTD XHTML 1.0 Transitional//EN"
    "http://www.w3.org/TR/xhtml1/DTD/xhtml1-transitional.dtd">
<html xmlns="http://www.w3.org/1999/xhtml" xml:lang="en" lang="en">
 <head>
  <title>
</title>
<meta http-equiv="Content-Type" content="text/html;charset=utf-8" />
  <meta name='ocr-system' content='tesseract 3.04.00' />
  <meta name='ocr-capabilities' content='ocr_page ocr_carea ocr_par ocr_line ocrx_word'/>
</head>
<body>
  <div class='ocr_page' id='page_1' title='image "./operarecensuitri09libauoft_0207.png"; bbox 0 0 1872 2924; ppageno 0'>
   <div class='ocr_carea' id='block_1_1' title="bbox 450 223 1534 272">
    <p class='ocr_par' dir='ltr' id='par_1_1' title="bbox 450 223 1534 272">
     <span class='ocr_line' id='line_1_1' title="bbox 450 223 1534 272; baseline 0.002 -12"><span class='ocrx_word' id='word_1_1' title='bbox 450 228 471 270; x_wconf 63' lang='grc' dir='ltr'>ς</span> <span class='ocrx_word' id='word_1_2' title='bbox 495 229 548 261; x_wconf 83' lang='lat' dir='ltr'><strong>u.</strong></span> <span class='ocrx_word' id='word_1_3' title='bbox 586 223 651 260; x_wconf 72' lang='lat' dir='ltr'><strong>ns</strong></span> <span class='ocrx_word' id='word_1_4' title='bbox 676 223 891 272; x_wconf 65' lang='lat' dir='ltr'><strong>[meum]</strong></span> <span class='ocrx_word' id='word_1_5' title='bbox 917 223 989 260; x_wconf 76' lang='grc' dir='ltr'><strong>ΕΡ.</strong></span> <span class='ocrx_word' id='word_1_6' title='bbox 1012 227 1246 261; x_wconf 70' lang='lat' dir='ltr'><strong>nuo-1⁶⁶1</strong></span> <span class='ocrx_word' id='word_1_7' title='bbox 1448 223 1534 267; x_wconf 81' lang='lat'><strong>193</strong></span> 
     </span>
    </p>
   </div>
   <div class='ocr_carea' id='block_1_2' title="bbox 154 309 1532 2274">
    <p class='ocr_par' dir='ltr' id='par_1_2' title="bbox 161 309 1532 484">
     <span class='ocr_line' id='line_1_2' title="bbox 169 309 1529 365; baseline -0.002 -10"><span class='ocrx_word' id='word_1_8' title='bbox 169 328 220 355; x_wconf 86' lang='lat' dir='ltr'><strong>ex</strong></span> <span class='ocrx_word' id='word_1_9' title='bbox 245 311 364 355; x_wconf 87' lang='lat' dir='ltr'><strong>initio</strong></span> <span class='ocrx_word' id='word_1_10' title='bbox 389 326 415 354; x_wconf 78' lang='lat' dir='ltr'><strong>a</strong></span> <span class='ocrx_word' id='word_1_11' title='bbox 438 309 587 364; x_wconf 81' lang='lat' dir='ltr'><strong>Iorio¹)</strong></span> <span class='ocrx_word' id='word_1_12' title='bbox 612 312 764 364; x_wconf 85' lang='lat' dir='ltr'><strong>publici</strong></span> <span class='ocrx_word' id='word_1_13' title='bbox 788 313 887 352; x_wconf 89' lang='lat' dir='ltr'><strong>iuris</strong></span> <span class='ocrx_word' id='word_1_14' title='bbox 912 313 1033 353; x_wconf 81' lang='lat' dir='ltr'><strong>facto.</strong></span> <span class='ocrx_word' id='word_1_15' title='bbox 1068 312 1143 352; x_wconf 84' lang='lat' dir='ltr'><strong>Est</strong></span> <span class='ocrx_word' id='word_1_16' title='bbox 1166 312 1307 365; x_wconf 81' lang='lat' dir='ltr'><strong>igitur,</strong></span> <span class='ocrx_word' id='word_1_17' title='bbox 1331 325 1403 352; x_wconf 87' lang='lat' dir='ltr'><strong>cur</strong></span> <span class='ocrx_word' id='word_1_18' title='bbox 1424 313 1529 353; x_wconf 86' lang='lat' dir='ltr'><strong>idem</strong></span> 
     </span>
     <span class='ocr_line' id='line_1_3' title="bbox 165 372 1532 424; baseline -0.001 -10"><span class='ocrx_word' id='word_1_19' title='bbox 165 375 217 415; x_wconf 90' lang='lat' dir='ltr'><strong>de</strong></span> <span class='ocrx_word' id='word_1_20' title='bbox 240 374 372 414; x_wconf 74' lang='lat' dir='ltr'><strong>tribus</strong></span> <span class='ocrx_word' id='word_1_21' title='bbox 396 373 563 424; x_wconf 87' lang='lat' dir='ltr'><strong>reliquis</strong></span> <span class='ocrx_word' id='word_1_22' title='bbox 588 373 776 423; x_wconf 86' lang='lat' dir='ltr'><strong>conicias,</strong></span> <span class='ocrx_word' id='word_1_23' title='bbox 807 373 1041 424; x_wconf 83' lang='lat' dir='ltr'><strong>praesertim</strong></span> <span class='ocrx_word' id='word_1_24' title='bbox 1069 384 1157 412; x_wconf 91' lang='lat' dir='ltr'><strong>cum</strong></span> <span class='ocrx_word' id='word_1_25' title='bbox 1182 372 1306 423; x_wconf 88' lang='lat' dir='ltr'><strong>paulo</strong></span> <span class='ocrx_word' id='word_1_26' title='bbox 1332 372 1426 424; x_wconf 90' lang='lat' dir='ltr'><strong>post</strong></span> <span class='ocrx_word' id='word_1_27' title='bbox 1450 373 1532 412; x_wconf 85' lang='lat' dir='ltr'><strong>alia</strong></span> 
     </span>
     <span class='ocr_line' id='line_1_4' title="bbox 161 431 1341 484; baseline -0.003 -9"><span class='ocrx_word' id='word_1_28' title='bbox 161 434 340 475; x_wconf 82' lang='lat' dir='ltr'><strong>eiusdem</strong></span> <span class='ocrx_word' id='word_1_29' title='bbox 365 434 542 474; x_wconf 78' lang='lat' dir='ltr'><strong>auctoris</strong></span> <span class='ocrx_word' id='word_1_30' title='bbox 566 432 743 484; x_wconf 76' lang='lat' dir='ltr'><strong>epistula</strong></span> <span class='ocrx_word' id='word_1_31' title='bbox 768 435 963 472; x_wconf 87' lang='lat' dir='ltr'><strong>occurrat.</strong></span> <span class='ocrx_word' id='word_1_32' title='bbox 999 431 1202 483; x_wconf 83' lang='lat' dir='ltr'><strong>Descripsi</strong></span> <span class='ocrx_word' id='word_1_33' title='bbox 1226 444 1248 471; x_wconf 87' lang='lat' dir='ltr'><strong>e</strong></span> <span class='ocrx_word' id='word_1_34' title='bbox 1277 432 1341 473; x_wconf 68' lang='lat'><strong>00.</strong></span> 
     </span>
    </p>

    <p class='ocr_par' dir='ltr' id='par_1_3' title="bbox 161 485 1527 602">
     <span class='ocr_line' id='line_1_5' title="bbox 222 485 1527 544; baseline -0.002 -10"><span class='ocrx_word' id='word_1_35' title='bbox 222 493 376 534; x_wconf 84' lang='lat' dir='ltr'><strong>Iniuria</strong></span> <span class='ocrx_word' id='word_1_36' title='bbox 405 492 576 544; x_wconf 87' lang='lat' dir='ltr'><strong>denique</strong></span> <span class='ocrx_word' id='word_1_37' title='bbox 601 491 762 532; x_wconf 84' lang='lat' dir='ltr'><strong>Libanii</strong></span> <span class='ocrx_word' id='word_1_38' title='bbox 798 504 944 532; x_wconf 89' lang='lat' dir='ltr'><strong>nomen</strong></span> <span class='ocrx_word' id='word_1_39' title='bbox 975 504 1073 543; x_wconf 86' lang='lat' dir='ltr'><strong>prae</strong></span> <span class='ocrx_word' id='word_1_40' title='bbox 1104 504 1146 532; x_wconf 89' lang='lat' dir='ltr'><strong>se</strong></span> <span class='ocrx_word' id='word_1_41' title='bbox 1172 493 1308 531; x_wconf 83' lang='lat' dir='ltr'><strong>ferunt</strong></span> <span class='ocrx_word' id='word_1_42' title='bbox 1340 505 1400 543; x_wconf 88' lang='lat' dir='ltr'><strong>ep.</strong></span> <span class='ocrx_word' id='word_1_43' title='bbox 1421 485 1527 534; x_wconf 75' lang='lat'>155⁰</span> 
     </span>
     <span class='ocr_line' id='line_1_6' title="bbox 161 546 1251 602; baseline -0.005 -7"><span class='ocrx_word' id='word_1_44' title='bbox 161 556 204 594; x_wconf 85' lang='lat' dir='ltr'><strong>et</strong></span> <span class='ocrx_word' id='word_1_45' title='bbox 228 546 327 594; x_wconf 66' lang='grc'>1551</span> <span class='ocrx_word' id='word_1_46' title='bbox 352 553 716 593; x_wconf 70' lang='lat' dir='ltr'><strong>consolatoriae</strong></span> <span class='ocrx_word' id='word_1_47' title='bbox 742 552 784 591; x_wconf 92' lang='lat' dir='ltr'><strong>in</strong></span> <span class='ocrx_word' id='word_1_48' title='bbox 810 551 1078 602; x_wconf 75' lang='lat' dir='ltr'><strong>descriptione</strong></span> <span class='ocrx_word' id='word_1_49' title='bbox 1104 552 1251 591; x_wconf 88' lang='lat' dir='ltr'><strong>codicis</strong></span> 
     </span>
    </p>

    <p class='ocr_par' dir='ltr' id='par_1_4' title="bbox 156 605 1527 1855">
     <span class='ocr_line' id='line_1_7' title="bbox 225 605 1527 664; baseline -0.002 -11"><span class='ocrx_word' id='word_1_50' title='bbox 225 614 322 653; x_wconf 84' lang='grc'><strong>279.</strong></span> <span class='ocrx_word' id='word_1_51' title='bbox 352 612 569 652; x_wconf 81' lang='lat' dir='ltr'><strong>Parisini</strong></span> <span class='ocrx_word' id='word_1_52' title='bbox 594 624 653 663; x_wconf 88' lang='lat' dir='ltr'><strong>gr.</strong></span> <span class='ocrx_word' id='word_1_53' title='bbox 673 605 836 664; x_wconf 70' lang='lat'>26712)</span> <span class='ocrx_word' id='word_1_54' title='bbox 861 623 913 651; x_wconf 90' lang='lat' dir='ltr'><strong>sc.</strong></span> <span class='ocrx_word' id='word_1_55' title='bbox 934 611 1008 650; x_wconf 86' lang='lat' dir='ltr'><strong>XV</strong></span> <span class='ocrx_word' id='word_1_56' title='bbox 1039 612 1108 651; x_wconf 84' lang='lat' dir='ltr'><strong>fol.</strong></span> <span class='ocrx_word' id='word_1_57' title='bbox 1134 612 1241 662; x_wconf 86' lang='grc'><strong>421,</strong></span> <span class='ocrx_word' id='word_1_58' title='bbox 1273 624 1394 662; x_wconf 88' lang='lat' dir='ltr'><strong>quam</strong></span> <span class='ocrx_word' id='word_1_59' title='bbox 1419 614 1527 652; x_wconf 87' lang='lat' dir='ltr'><strong>cata-</strong></span> 
     </span>
     <span class='ocr_line' id='line_1_8' title="bbox 163 666 1527 725; baseline -0.001 -13"><span class='ocrx_word' id='word_1_60' title='bbox 163 674 280 725; x_wconf 87' lang='lat' dir='ltr'><strong>logus</strong></span> <span class='ocrx_word' id='word_1_61' title='bbox 315 672 574 712; x_wconf 80' lang='lat' dir='ltr'><strong>Mellotianus</strong></span> <span class='ocrx_word' id='word_1_62' title='bbox 611 666 834 725; x_wconf 82' lang='lat' dir='ltr'><strong>exhibet⁸):</strong></span> <span class='ocrx_word' id='word_1_63' title='bbox 870 669 1093 711; x_wconf 84' lang='lat' dir='ltr'><strong>‘Libanii.</strong></span> <span class='ocrx_word' id='word_1_64' title='bbox 1135 670 1255 710; x_wconf 86' lang='lat' dir='ltr'><strong>duae</strong></span> <span class='ocrx_word' id='word_1_65' title='bbox 1285 671 1527 722; x_wconf 90' lang='lat' dir='ltr'><strong>epistolae</strong></span> 
     </span>
     <span class='ocr_line' id='line_1_9' title="bbox 160 727 1525 782; baseline -0.002 -9"><span class='ocrx_word' id='word_1_66' title='bbox 160 727 552 773; x_wconf 85' lang='lat' dir='ltr'><strong>consolatoriae’.</strong></span> <span class='ocrx_word' id='word_1_67' title='bbox 588 731 635 770; x_wconf 94' lang='lat' dir='ltr'><strong>In</strong></span> <span class='ocrx_word' id='word_1_68' title='bbox 655 730 790 771; x_wconf 86' lang='lat' dir='ltr'><strong>codice</strong></span> <span class='ocrx_word' id='word_1_69' title='bbox 809 731 898 782; x_wconf 89' lang='lat' dir='ltr'><strong>ipso</strong></span> <span class='ocrx_word' id='word_1_70' title='bbox 917 727 1045 782; x_wconf 84' lang='lat' dir='ltr'><strong>priori</strong></span> <span class='ocrx_word' id='word_1_71' title='bbox 1063 731 1261 782; x_wconf 76' lang='lat' dir='ltr'><strong>epistulae</strong></span> <span class='ocrx_word' id='word_1_72' title='bbox 1281 731 1447 782; x_wconf 75' lang='lat' dir='ltr'><strong>quaevis</strong></span> <span class='ocrx_word' id='word_1_73' title='bbox 1465 732 1525 770; x_wconf 91' lang='lat' dir='ltr'><strong>in-</strong></span> 
     </span>
     <span class='ocr_line' id='line_1_10' title="bbox 161 790 1527 844; baseline -0.001 -12"><span class='ocrx_word' id='word_1_74' title='bbox 161 793 328 843; x_wconf 78' lang='lat' dir='ltr'><strong>scriptio</strong></span> <span class='ocrx_word' id='word_1_75' title='bbox 348 792 458 832; x_wconf 82' lang='lat' dir='ltr'><strong>deest</strong></span> <span class='ocrx_word' id='word_1_76' title='bbox 477 793 641 842; x_wconf 81' lang='lat' dir='ltr'><strong>execpto</strong></span> <span class='ocrx_word' id='word_1_77' title='bbox 662 791 769 841; x_wconf 88' lang='lat' dir='ltr'><strong>quod</strong></span> <span class='ocrx_word' id='word_1_78' title='bbox 787 791 829 829; x_wconf 91' lang='lat' dir='ltr'><strong>in</strong></span> <span class='ocrx_word' id='word_1_79' title='bbox 850 790 1031 842; x_wconf 77' lang='lat' dir='ltr'><strong>margine</strong></span> <span class='ocrx_word' id='word_1_80' title='bbox 1051 791 1301 831; x_wconf 88' lang='lat' dir='ltr'><strong>rubricatum</strong></span> <span class='ocrx_word' id='word_1_81' title='bbox 1323 794 1384 830; x_wconf 89' lang='lat' dir='ltr'><strong>est</strong></span> <span class='ocrx_word' id='word_1_82' title='bbox 1402 805 1527 844; x_wconf 86' lang='grc' dir='ltr'><strong><em>παρα-</em></strong></span> 
     </span>
     <span class='ocr_line' id='line_1_11' title="bbox 163 845 1526 904; baseline -0.001 -12"><span class='ocrx_word' id='word_1_83' title='bbox 163 849 368 904; x_wconf 76' lang='grc' dir='ltr'><strong>μυθητικὴ</strong></span> <span class='ocrx_word' id='word_1_84' title='bbox 393 850 503 903; x_wconf 76' lang='grc' dir='ltr'><strong><em>ἑτέρα</em></strong></span> <span class='ocrx_word' id='word_1_85' title='bbox 528 845 611 904; x_wconf 63' lang='grc' dir='ltr'><strong>ῆι),</strong></span> <span class='ocrx_word' id='word_1_86' title='bbox 642 851 834 901; x_wconf 88' lang='lat' dir='ltr'><strong>quoniam</strong></span> <span class='ocrx_word' id='word_1_87' title='bbox 865 850 932 890; x_wconf 84' lang='lat' dir='ltr'><strong>fol.</strong></span> <span class='ocrx_word' id='word_1_88' title='bbox 954 852 1062 889; x_wconf 84' lang='grc'><strong>414*</strong></span> <span class='ocrx_word' id='word_1_89' title='bbox 1097 850 1200 890; x_wconf 85' lang='lat' dir='ltr'><strong>duae</strong></span> <span class='ocrx_word' id='word_1_90' title='bbox 1234 851 1526 891; x_wconf 85' lang='lat' dir='ltr'><strong>consolatoriae</strong></span> 
     </span>
     <span class='ocr_line' id='line_1_12' title="bbox 162 910 1526 962; baseline -0.001 -11"><span class='ocrx_word' id='word_1_91' title='bbox 162 913 472 960; x_wconf 79' lang='lat' dir='ltr'><strong>antecesserunt,</strong></span> <span class='ocrx_word' id='word_1_92' title='bbox 504 910 623 950; x_wconf 84' lang='lat' dir='ltr'><strong>alteri</strong></span> <span class='ocrx_word' id='word_1_93' title='bbox 655 911 697 949; x_wconf 91' lang='lat' dir='ltr'><strong>in</strong></span> <span class='ocrx_word' id='word_1_94' title='bbox 727 911 910 962; x_wconf 86' lang='lat' dir='ltr'><strong>margine</strong></span> <span class='ocrx_word' id='word_1_95' title='bbox 934 910 1004 949; x_wconf 81' lang='lat' dir='ltr'><strong>fol.</strong></span> <span class='ocrx_word' id='word_1_96' title='bbox 1025 911 1132 949; x_wconf 84' lang='grc'><strong>421*</strong></span> <span class='ocrx_word' id='word_1_97' title='bbox 1157 923 1253 950; x_wconf 89' lang='lat' dir='ltr'><strong>sane</strong></span> <span class='ocrx_word' id='word_1_98' title='bbox 1279 910 1526 962; x_wconf 88' lang='lat' dir='ltr'><strong>adscriptum</strong></span> 
     </span>
     <span class='ocr_line' id='line_1_13' title="bbox 159 968 1524 1022; baseline -0.001 -11"><span class='ocrx_word' id='word_1_99' title='bbox 159 974 223 1011; x_wconf 85' lang='lat' dir='ltr'><strong>est</strong></span> <span class='ocrx_word' id='word_1_100' title='bbox 245 969 354 1022; x_wconf 81' lang='grc' dir='ltr'><strong><em>ἑτέρα</em></strong></span> <span class='ocrx_word' id='word_1_101' title='bbox 371 968 687 1022; x_wconf 76' lang='grc' dir='ltr'><strong>παραμυθητική</strong></span> <span class='ocrx_word' id='word_1_102' title='bbox 706 969 904 1022; x_wconf 78' lang='grc' dir='ltr'><strong><em>λιβανίου,</em></strong></span> <span class='ocrx_word' id='word_1_103' title='bbox 923 970 991 1009; x_wconf 91' lang='lat' dir='ltr'><strong>sed</strong></span> <span class='ocrx_word' id='word_1_104' title='bbox 1011 972 1184 1021; x_wconf 87' lang='lat' dir='ltr'><strong>utraque</strong></span> <span class='ocrx_word' id='word_1_105' title='bbox 1202 970 1305 1009; x_wconf 87' lang='lat' dir='ltr'><strong>nibil</strong></span> <span class='ocrx_word' id='word_1_106' title='bbox 1319 970 1395 1010; x_wconf 85' lang='lat' dir='ltr'><strong>nisi</strong></span> <span class='ocrx_word' id='word_1_107' title='bbox 1408 984 1524 1021; x_wconf 88' lang='lat' dir='ltr'><strong>para-</strong></span> 
     </span>
     <span class='ocr_line' id='line_1_14' title="bbox 159 1029 1525 1084; baseline 0 -15"><span class='ocrx_word' id='word_1_108' title='bbox 159 1030 296 1084; x_wconf 87' lang='lat' dir='ltr'><strong>digma</strong></span> <span class='ocrx_word' id='word_1_109' title='bbox 321 1033 382 1070; x_wconf 83' lang='lat' dir='ltr'><strong>est</strong></span> <span class='ocrx_word' id='word_1_110' title='bbox 398 1031 620 1081; x_wconf 88' lang='lat' dir='ltr'><strong>posteriore</strong></span> <span class='ocrx_word' id='word_1_111' title='bbox 639 1032 819 1081; x_wconf 87' lang='lat' dir='ltr'><strong>tempore</strong></span> <span class='ocrx_word' id='word_1_112' title='bbox 839 1031 990 1069; x_wconf 80' lang='lat' dir='ltr'><strong>factum</strong></span> <span class='ocrx_word' id='word_1_113' title='bbox 1011 1030 1062 1069; x_wconf 85' lang='lat' dir='ltr'><strong>ad</strong></span> <span class='ocrx_word' id='word_1_114' title='bbox 1081 1029 1422 1082; x_wconf 78' lang='grc' dir='ltr'><strong><em>παραμυθητικὴν</em></strong></span> <span class='ocrx_word' id='word_1_115' title='bbox 1440 1029 1525 1070; x_wconf 79' lang='grc' dir='ltr'><strong>ἐπι-</strong></span> 
     </span>
     <span class='ocr_line' id='line_1_15' title="bbox 160 1089 1523 1143; baseline -0.001 -13"><span class='ocrx_word' id='word_1_116' title='bbox 160 1089 304 1143; x_wconf 77' lang='grc' dir='ltr'><em>στολὴν</em></span> <span class='ocrx_word' id='word_1_117' title='bbox 322 1090 656 1130; x_wconf 76' lang='lat' dir='ltr'><strong>characterum</strong></span> <span class='ocrx_word' id='word_1_118' title='bbox 678 1090 1047 1141; x_wconf 86' lang='lat' dir='ltr'><strong>epistolicorum</strong></span> <span class='ocrx_word' id='word_1_119' title='bbox 1068 1089 1195 1129; x_wconf 79' lang='lat' dir='ltr'><strong>falso</strong></span> <span class='ocrx_word' id='word_1_120' title='bbox 1208 1089 1416 1130; x_wconf 89' lang='lat' dir='ltr'><strong>Libanio</strong></span> <span class='ocrx_word' id='word_1_121' title='bbox 1433 1092 1523 1129; x_wconf 90' lang='lat' dir='ltr'><strong>tri·</strong></span> 
     </span>
     <span class='ocr_line' id='line_1_16' title="bbox 159 1148 1523 1202; baseline 0 -14"><span class='ocrx_word' id='word_1_122' title='bbox 159 1150 394 1190; x_wconf 87' lang='lat' dir='ltr'><strong>butorum.</strong></span> <span class='ocrx_word' id='word_1_123' title='bbox 429 1149 544 1189; x_wconf 84' lang='lat' dir='ltr'><strong>Prior</strong></span> <span class='ocrx_word' id='word_1_124' title='bbox 579 1149 743 1200; x_wconf 84' lang='lat' dir='ltr'><strong>quidem</strong></span> <span class='ocrx_word' id='word_1_125' title='bbox 777 1149 925 1201; x_wconf 85' lang='lat' dir='ltr'><strong>legitur</strong></span> <span class='ocrx_word' id='word_1_126' title='bbox 954 1149 1062 1189; x_wconf 90' lang='lat' dir='ltr'><strong>inter</strong></span> <span class='ocrx_word' id='word_1_127' title='bbox 1095 1148 1322 1202; x_wconf 81' lang='lat' dir='ltr'><strong>Gregorii</strong></span> <span class='ocrx_word' id='word_1_128' title='bbox 1355 1148 1523 1201; x_wconf 84' lang='lat' dir='ltr'><strong>Cyprii</strong></span> 
     </span>
     <span class='ocr_line' id='line_1_17' title="bbox 158 1208 1523 1261; baseline 0 -13"><span class='ocrx_word' id='word_1_129' title='bbox 158 1209 352 1260; x_wconf 83' lang='lat' dir='ltr'><strong>epistulas</strong></span> <span class='ocrx_word' id='word_1_130' title='bbox 370 1209 413 1248; x_wconf 93' lang='lat' dir='ltr'><strong>in</strong></span> <span class='ocrx_word' id='word_1_131' title='bbox 431 1209 566 1249; x_wconf 90' lang='lat' dir='ltr'><strong>codice</strong></span> <span class='ocrx_word' id='word_1_132' title='bbox 581 1208 803 1249; x_wconf 87' lang='lat' dir='ltr'><strong>Parisino</strong></span> <span class='ocrx_word' id='word_1_133' title='bbox 822 1222 881 1261; x_wconf 87' lang='lat' dir='ltr'><strong>gr.</strong></span> <span class='ocrx_word' id='word_1_134' title='bbox 896 1210 1012 1248; x_wconf 83' lang='lat'>2022</span> <span class='ocrx_word' id='word_1_135' title='bbox 1032 1209 1102 1248; x_wconf 86' lang='lat' dir='ltr'><strong>fol.</strong></span> <span class='ocrx_word' id='word_1_136' title='bbox 1119 1210 1225 1248; x_wconf 86' lang='grc'>176*</span> <span class='ocrx_word' id='word_1_137' title='bbox 1243 1222 1371 1259; x_wconf 89' lang='lat' dir='ltr'><strong>neque</strong></span> <span class='ocrx_word' id='word_1_138' title='bbox 1390 1209 1523 1259; x_wconf 82' lang='lat' dir='ltr'><strong>video,</strong></span> 
     </span>
     <span class='ocr_line' id='line_1_18' title="bbox 160 1268 1523 1320; baseline 0.001 -12"><span class='ocrx_word' id='word_1_139' title='bbox 160 1269 267 1320; x_wconf 88' lang='lat' dir='ltr'><strong>quod</strong></span> <span class='ocrx_word' id='word_1_140' title='bbox 298 1269 390 1308; x_wconf 89' lang='lat' dir='ltr'><strong>buic</strong></span> <span class='ocrx_word' id='word_1_141' title='bbox 420 1269 574 1308; x_wconf 89' lang='lat' dir='ltr'><strong>auctori</strong></span> <span class='ocrx_word' id='word_1_142' title='bbox 604 1268 859 1320; x_wconf 86' lang='lat' dir='ltr'><strong>obloquatur,</strong></span> <span class='ocrx_word' id='word_1_143' title='bbox 890 1268 967 1308; x_wconf 85' lang='lat' dir='ltr'><strong>etsi</strong></span> <span class='ocrx_word' id='word_1_144' title='bbox 997 1268 1113 1308; x_wconf 90' lang='lat' dir='ltr'><strong>abest</strong></span> <span class='ocrx_word' id='word_1_145' title='bbox 1137 1268 1187 1307; x_wconf 88' lang='lat' dir='ltr'><strong>ab</strong></span> <span class='ocrx_word' id='word_1_146' title='bbox 1213 1268 1299 1308; x_wconf 86' lang='lat' dir='ltr'><strong>eius</strong></span> <span class='ocrx_word' id='word_1_147' title='bbox 1326 1269 1523 1320; x_wconf 88' lang='lat' dir='ltr'><strong>epistulis,</strong></span> 
     </span>
     <span class='ocr_line' id='line_1_19' title="bbox 159 1327 1523 1381; baseline 0 -13"><span class='ocrx_word' id='word_1_148' title='bbox 159 1340 261 1379; x_wconf 75' lang='lat' dir='ltr'><strong>quas</strong></span> <span class='ocrx_word' id='word_1_149' title='bbox 285 1327 440 1369; x_wconf 86' lang='lat' dir='ltr'><strong>codices</strong></span> <span class='ocrx_word' id='word_1_150' title='bbox 463 1327 783 1368; x_wconf 78' lang='lat' dir='ltr'><strong>vindobonenses</strong></span> <span class='ocrx_word' id='word_1_151' title='bbox 809 1341 867 1381; x_wconf 88' lang='lat' dir='ltr'><strong>gr.</strong></span> <span class='ocrx_word' id='word_1_152' title='bbox 891 1329 971 1368; x_wconf 90' lang='lat'><strong>101</strong></span> <span class='ocrx_word' id='word_1_153' title='bbox 996 1330 1037 1367; x_wconf 87' lang='lat' dir='ltr'><strong>et</strong></span> <span class='ocrx_word' id='word_1_154' title='bbox 1059 1329 1143 1368; x_wconf 87' lang='lat'><strong>195</strong></span> <span class='ocrx_word' id='word_1_155' title='bbox 1170 1328 1369 1378; x_wconf 84' lang='lat' dir='ltr'><strong>exhibent,</strong></span> <span class='ocrx_word' id='word_1_156' title='bbox 1395 1342 1416 1367; x_wconf 92' lang='lat' dir='ltr'><strong>e</strong></span> <span class='ocrx_word' id='word_1_157' title='bbox 1436 1330 1523 1380; x_wconf 89' lang='lat' dir='ltr'><strong>qui·</strong></span> 
     </span>
     <span class='ocr_line' id='line_1_20' title="bbox 159 1386 1521 1440; baseline 0.001 -14"><span class='ocrx_word' id='word_1_158' title='bbox 159 1388 232 1428; x_wconf 89' lang='lat' dir='ltr'><strong>bus</strong></span> <span class='ocrx_word' id='word_1_159' title='bbox 267 1387 548 1428; x_wconf 83' lang='lat' dir='ltr'><strong>Eustratiades</strong></span> <span class='ocrx_word' id='word_1_160' title='bbox 583 1387 848 1427; x_wconf 83' lang='lat' dir='ltr'><strong>Alexandriae</strong></span> <span class='ocrx_word' id='word_1_161' title='bbox 887 1389 1002 1429; x_wconf 85' lang='lat'>1910</span> <span class='ocrx_word' id='word_1_162' title='bbox 1037 1386 1219 1440; x_wconf 84' lang='lat' dir='ltr'><strong>Gregorii</strong></span> <span class='ocrx_word' id='word_1_163' title='bbox 1254 1388 1448 1438; x_wconf 87' lang='lat' dir='ltr'><strong>epistulas</strong></span> <span class='ocrx_word' id='word_1_164' title='bbox 1478 1388 1521 1427; x_wconf 93' lang='lat' dir='ltr'><strong>in</strong></span> 
     </span>
     <span class='ocr_line' id='line_1_21' title="bbox 158 1447 1520 1499; baseline 0 -12"><span class='ocrx_word' id='word_1_165' title='bbox 158 1448 285 1487; x_wconf 86' lang='lat' dir='ltr'><strong>lucem</strong></span> <span class='ocrx_word' id='word_1_166' title='bbox 312 1448 522 1499; x_wconf 84' lang='lat' dir='ltr'><strong>protraxit.</strong></span> <span class='ocrx_word' id='word_1_167' title='bbox 558 1447 699 1487; x_wconf 84' lang='lat' dir='ltr'><strong>Talem</strong></span> <span class='ocrx_word' id='word_1_168' title='bbox 725 1449 857 1488; x_wconf 88' lang='lat' dir='ltr'><strong>autem</strong></span> <span class='ocrx_word' id='word_1_169' title='bbox 884 1448 928 1487; x_wconf 90' lang='lat' dir='ltr'><strong>in</strong></span> <span class='ocrx_word' id='word_1_170' title='bbox 954 1447 1114 1487; x_wconf 89' lang='lat' dir='ltr'><strong>modum</strong></span> <span class='ocrx_word' id='word_1_171' title='bbox 1139 1447 1258 1487; x_wconf 90' lang='lat' dir='ltr'><strong>facile</strong></span> <span class='ocrx_word' id='word_1_172' title='bbox 1286 1448 1520 1499; x_wconf 77' lang='lat' dir='ltr'><strong>explicatur,</strong></span> 
     </span>
     <span class='ocr_line' id='line_1_22' title="bbox 158 1506 1522 1558; baseline 0 -12"><span class='ocrx_word' id='word_1_173' title='bbox 158 1506 266 1558; x_wconf 88' lang='lat' dir='ltr'><strong>quod</strong></span> <span class='ocrx_word' id='word_1_174' title='bbox 295 1508 469 1558; x_wconf 84' lang='lat' dir='ltr'><strong>epistula</strong></span> <span class='ocrx_word' id='word_1_175' title='bbox 492 1507 536 1546; x_wconf 92' lang='lat' dir='ltr'><strong>in</strong></span> <span class='ocrx_word' id='word_1_176' title='bbox 560 1507 694 1547; x_wconf 88' lang='lat' dir='ltr'><strong>codice</strong></span> <span class='ocrx_word' id='word_1_177' title='bbox 720 1507 1053 1547; x_wconf 83' lang='lat' dir='ltr'><strong>Laurentiano</strong></span> <span class='ocrx_word' id='word_1_178' title='bbox 1078 1506 1226 1557; x_wconf 87' lang='lat' dir='ltr'><strong>Acqu.</strong></span> <span class='ocrx_word' id='word_1_179' title='bbox 1253 1508 1307 1547; x_wconf 87' lang='grc'><strong>39</strong></span> <span class='ocrx_word' id='word_1_180' title='bbox 1335 1519 1388 1547; x_wconf 89' lang='lat' dir='ltr'><strong>sc.</strong></span> <span class='ocrx_word' id='word_1_181' title='bbox 1413 1507 1522 1557; x_wconf 83' lang='lat' dir='ltr'><strong>XVI,</strong></span> 
     </span>
     <span class='ocr_line' id='line_1_23' title="bbox 160 1565 1523 1620; baseline 0 -14"><span class='ocrx_word' id='word_1_182' title='bbox 160 1566 230 1617; x_wconf 89' lang='lat' dir='ltr'><strong>qui</strong></span> <span class='ocrx_word' id='word_1_183' title='bbox 260 1569 481 1606; x_wconf 88' lang='lat' dir='ltr'><strong>tractatum</strong></span> <span class='ocrx_word' id='word_1_184' title='bbox 512 1567 563 1606; x_wconf 87' lang='lat' dir='ltr'><strong>ad</strong></span> <span class='ocrx_word' id='word_1_185' title='bbox 594 1566 895 1607; x_wconf 88' lang='lat' dir='ltr'><strong>Pseudolibanii</strong></span> <span class='ocrx_word' id='word_1_186' title='bbox 929 1565 1248 1617; x_wconf 79' lang='grc' dir='ltr'><strong>ἐπιστολιμαίους</strong></span> <span class='ocrx_word' id='word_1_187' title='bbox 1277 1572 1523 1620; x_wconf 79' lang='grc' dir='ltr'><strong><em>χαρακτῆρας</em></strong></span> 
     </span>
     <span class='ocr_line' id='line_1_24' title="bbox 158 1623 1520 1679; baseline 0.001 -14"><span class='ocrx_word' id='word_1_188' title='bbox 158 1625 390 1666; x_wconf 86' lang='lat' dir='ltr'><strong>redeuntem</strong></span> <span class='ocrx_word' id='word_1_189' title='bbox 421 1626 611 1676; x_wconf 87' lang='lat' dir='ltr'><strong>continet,</strong></span> <span class='ocrx_word' id='word_1_190' title='bbox 641 1627 710 1667; x_wconf 89' lang='lat' dir='ltr'><strong>fol.</strong></span> <span class='ocrx_word' id='word_1_191' title='bbox 733 1628 839 1667; x_wconf 86' lang='grc'>103*</span> <span class='ocrx_word' id='word_1_192' title='bbox 863 1627 1059 1677; x_wconf 85' lang='lat' dir='ltr'><strong>inscripta</strong></span> <span class='ocrx_word' id='word_1_193' title='bbox 1085 1623 1203 1677; x_wconf 80' lang='grc' dir='ltr'><strong><em>ὁμοία</em></strong></span> <span class='ocrx_word' id='word_1_194' title='bbox 1227 1631 1299 1666; x_wconf 85' lang='grc' dir='ltr'><strong>τοῦ</strong></span> <span class='ocrx_word' id='word_1_195' title='bbox 1323 1625 1520 1679; x_wconf 79' lang='grc' dir='ltr'><em>θεολόγον</em></span> 
     </span>
     <span class='ocr_line' id='line_1_25' title="bbox 158 1684 1519 1738; baseline 0 -13"><span class='ocrx_word' id='word_1_196' title='bbox 158 1684 351 1738; x_wconf 89' lang='lat' dir='ltr'><strong>Gregorio</strong></span> <span class='ocrx_word' id='word_1_197' title='bbox 375 1685 626 1726; x_wconf 85' lang='lat' dir='ltr'><strong>Nazianzeno</strong></span> <span class='ocrx_word' id='word_1_198' title='bbox 651 1686 902 1726; x_wconf 86' lang='lat' dir='ltr'><strong>adscribitur.</strong></span> <span class='ocrx_word' id='word_1_199' title='bbox 944 1685 1046 1726; x_wconf 88' lang='lat' dir='ltr'><strong>Cum</strong></span> <span class='ocrx_word' id='word_1_200' title='bbox 1070 1694 1208 1725; x_wconf 86' lang='lat' dir='ltr'><strong>autem</strong></span> <span class='ocrx_word' id='word_1_201' title='bbox 1233 1685 1355 1726; x_wconf 87' lang='lat' dir='ltr'><strong>codex</strong></span> <span class='ocrx_word' id='word_1_202' title='bbox 1373 1685 1519 1726; x_wconf 89' lang='lat' dir='ltr'><strong>Parisi-</strong></span> 
     </span>
     <span class='ocr_line' id='line_1_26' title="bbox 156 1745 1517 1796; baseline 0 -12"><span class='ocrx_word' id='word_1_203' title='bbox 156 1757 232 1784; x_wconf 87' lang='lat' dir='ltr'><strong>nus</strong></span> <span class='ocrx_word' id='word_1_204' title='bbox 259 1745 388 1795; x_wconf 80' lang='grc'>2671,</span> <span class='ocrx_word' id='word_1_205' title='bbox 413 1757 435 1785; x_wconf 91' lang='lat' dir='ltr'><strong>e</strong></span> <span class='ocrx_word' id='word_1_206' title='bbox 460 1758 539 1796; x_wconf 91' lang='lat' dir='ltr'><strong>quo</strong></span> <span class='ocrx_word' id='word_1_207' title='bbox 570 1746 850 1785; x_wconf 84' lang='lat' dir='ltr'><strong>Boissonadius</strong></span> <span class='ocrx_word' id='word_1_208' title='bbox 875 1746 1023 1785; x_wconf 87' lang='lat' dir='ltr'><strong>Anecd.</strong></span> <span class='ocrx_word' id='word_1_209' title='bbox 1052 1745 1149 1786; x_wconf 64' lang='lat' dir='ltr'><strong>Now</strong></span> <span class='ocrx_word' id='word_1_210' title='bbox 1176 1759 1210 1796; x_wconf 58' lang='lat' dir='ltr'><strong>p&gt;</strong></span> <span class='ocrx_word' id='word_1_211' title='bbox 1236 1747 1321 1786; x_wconf 82' lang='lat'><strong>393</strong></span> <span class='ocrx_word' id='word_1_212' title='bbox 1349 1746 1517 1786; x_wconf 86' lang='lat' dir='ltr'><strong>alteram</strong></span> 
     </span>
     <span class='ocr_line' id='line_1_27' title="bbox 157 1804 1243 1855; baseline 0.002 -12"><span class='ocrx_word' id='word_1_213' title='bbox 157 1805 372 1855; x_wconf 88' lang='lat' dir='ltr'><strong>epistulam</strong></span> <span class='ocrx_word' id='word_1_214' title='bbox 397 1807 446 1844; x_wconf 89' lang='lat' dir='ltr'><strong>ut</strong></span> <span class='ocrx_word' id='word_1_215' title='bbox 470 1804 874 1847; x_wconf 72' lang='lat' dir='ltr'><strong>Pseudolibanianam</strong></span> <span class='ocrx_word' id='word_1_216' title='bbox 898 1805 1038 1855; x_wconf 83' lang='lat' dir='ltr'><strong>edidit,</strong></span> <span class='ocrx_word' id='word_1_217' title='bbox 1062 1818 1084 1845; x_wconf 89' lang='lat' dir='ltr'><strong>e</strong></span> <span class='ocrx_word' id='word_1_218' title='bbox 1109 1805 1243 1845; x_wconf 89' lang='lat' dir='ltr'><strong>codice</strong></span> 
     </span>
    </p>

    <p class='ocr_par' dir='ltr' id='par_1_5' title="bbox 157 1858 1518 2022">
     <span class='ocr_line' id='line_1_28' title="bbox 220 1858 1518 1918; baseline 0.001 -15"><span class='ocrx_word' id='word_1_219' title='bbox 220 1864 317 1904; x_wconf 82' lang='lat'><strong>280.</strong></span> <span class='ocrx_word' id='word_1_220' title='bbox 345 1864 612 1904; x_wconf 84' lang='lat' dir='ltr'><strong>Havniensi</strong></span> <span class='ocrx_word' id='word_1_221' title='bbox 635 1864 748 1904; x_wconf 88' lang='lat' dir='ltr'><strong>bibl.</strong></span> <span class='ocrx_word' id='word_1_222' title='bbox 772 1877 868 1917; x_wconf 90' lang='lat' dir='ltr'><strong>reg.</strong></span> <span class='ocrx_word' id='word_1_223' title='bbox 896 1866 1010 1905; x_wconf 87' lang='grc'>1985</span> <span class='ocrx_word' id='word_1_224' title='bbox 1037 1864 1105 1904; x_wconf 84' lang='lat' dir='ltr'><strong>fol.</strong></span> <span class='ocrx_word' id='word_1_225' title='bbox 1135 1865 1217 1904; x_wconf 85' lang='grc'>141</span> <span class='ocrx_word' id='word_1_226' title='bbox 1253 1859 1318 1918; x_wconf 85' lang='lat'><strong>(==</strong></span> <span class='ocrx_word' id='word_1_227' title='bbox 1339 1858 1421 1918; x_wconf 83' lang='lat' dir='ltr'><strong>Ha)</strong></span> <span class='ocrx_word' id='word_1_228' title='bbox 1448 1860 1518 1918; x_wconf 86' lang='lat' dir='ltr'><strong>(cf.</strong></span> 
     </span>
     <span class='ocr_line' id='line_1_29' title="bbox 158 1921 1517 1978; baseline 0 -16"><span class='ocrx_word' id='word_1_229' title='bbox 158 1935 280 1974; x_wconf 88' lang='lat' dir='ltr'><strong>supra</strong></span> <span class='ocrx_word' id='word_1_230' title='bbox 297 1937 336 1974; x_wconf 90' lang='lat' dir='ltr'><strong>p.</strong></span> <span class='ocrx_word' id='word_1_231' title='bbox 349 1925 432 1964; x_wconf 84' lang='grc'>175</span> <span class='ocrx_word' id='word_1_232' title='bbox 453 1937 490 1963; x_wconf 85' lang='grc' dir='ltr'><strong>ιι.</strong></span> <span class='ocrx_word' id='word_1_233' title='bbox 502 1921 607 1978; x_wconf 90' lang='grc'><strong>200)</strong></span> <span class='ocrx_word' id='word_1_234' title='bbox 627 1924 832 1965; x_wconf 85' lang='lat' dir='ltr'><strong>derivatus</strong></span> <span class='ocrx_word' id='word_1_235' title='bbox 851 1924 906 1964; x_wconf 86' lang='lat' dir='ltr'><strong>sit</strong></span> <span class='ocrx_word' id='word_1_236' title='bbox 923 1927 965 1964; x_wconf 89' lang='lat' dir='ltr'><strong>et</strong></span> <span class='ocrx_word' id='word_1_237' title='bbox 982 1926 1144 1975; x_wconf 83' lang='lat' dir='ltr'><strong>praeter</strong></span> <span class='ocrx_word' id='word_1_238' title='bbox 1161 1924 1266 1963; x_wconf 83' lang='lat' dir='ltr'><strong>hunc</strong></span> <span class='ocrx_word' id='word_1_239' title='bbox 1284 1923 1326 1962; x_wconf 88' lang='lat' dir='ltr'><strong>in</strong></span> <span class='ocrx_word' id='word_1_240' title='bbox 1346 1928 1517 1975; x_wconf 85' lang='lat' dir='ltr'><strong>utraque</strong></span> 
     </span>
     <span class='ocr_line' id='line_1_30' title="bbox 157 1982 280 2022; baseline 0 -1"><span class='ocrx_word' id='word_1_241' title='bbox 157 1982 280 2022; x_wconf 86' lang='lat' dir='ltr'><strong>codex</strong></span> 
     </span>
    </p>

    <p class='ocr_par' dir='ltr' id='par_1_6' title="bbox 154 2037 1516 2152">
     <span class='ocr_line' id='line_1_31' title="bbox 218 2037 1516 2098; baseline 0 -16"><span class='ocrx_word' id='word_1_242' title='bbox 218 2042 317 2082; x_wconf 88' lang='grc'><strong>281.</strong></span> <span class='ocrx_word' id='word_1_243' title='bbox 336 2041 604 2083; x_wconf 85' lang='lat' dir='ltr'><strong>Vaticanus</strong></span> <span class='ocrx_word' id='word_1_244' title='bbox 624 2056 681 2095; x_wconf 85' lang='lat' dir='ltr'><strong>gr.</strong></span> <span class='ocrx_word' id='word_1_245' title='bbox 703 2039 834 2098; x_wconf 82' lang='lat'>306⁴)</span> <span class='ocrx_word' id='word_1_246' title='bbox 853 2056 906 2084; x_wconf 91' lang='lat' dir='ltr'><strong>sc.</strong></span> <span class='ocrx_word' id='word_1_247' title='bbox 926 2043 1025 2083; x_wconf 90' lang='lat' dir='ltr'>XIII</span> <span class='ocrx_word' id='word_1_248' title='bbox 1043 2043 1113 2083; x_wconf 85' lang='lat' dir='ltr'><strong>fol.</strong></span> <span class='ocrx_word' id='word_1_249' title='bbox 1134 2043 1191 2083; x_wconf 89' lang='lat'><strong>80</strong></span> <span class='ocrx_word' id='word_1_250' title='bbox 1211 2037 1403 2097; x_wconf 86' lang='lat' dir='ltr'><strong>(==Vati)</strong></span> <span class='ocrx_word' id='word_1_251' title='bbox 1423 2055 1516 2094; x_wconf 87' lang='lat' dir='ltr'><strong>snp-</strong></span> 
     </span>
     <span class='ocr_line' id='line_1_32' title="bbox 154 2100 798 2152; baseline 0.003 -12"><span class='ocrx_word' id='word_1_252' title='bbox 154 2100 317 2152; x_wconf 82' lang='lat' dir='ltr'><strong>petat,</strong></span> <span class='ocrx_word' id='word_1_253' title='bbox 305 2114 348 2140; x_wconf 86' lang='grc' dir='ltr'><strong>ιιι</strong></span> <span class='ocrx_word' id='word_1_254' title='bbox 373 2102 503 2141; x_wconf 86' lang='lat' dir='ltr'><strong>altera</strong></span> <span class='ocrx_word' id='word_1_255' title='bbox 527 2103 649 2142; x_wconf 84' lang='lat' dir='ltr'><strong>etiam</strong></span> <span class='ocrx_word' id='word_1_256' title='bbox 676 2102 798 2143; x_wconf 85' lang='lat' dir='ltr'><strong>codex</strong></span> 
     </span>
    </p>

    <p class='ocr_par' dir='ltr' id='par_1_7' title="bbox 219 2156 1516 2216">
     <span class='ocr_line' id='line_1_33' title="bbox 219 2156 1516 2216; baseline 0.001 -16"><span class='ocrx_word' id='word_1_257' title='bbox 219 2161 316 2200; x_wconf 89' lang='grc'><strong>282.</strong></span> <span class='ocrx_word' id='word_1_258' title='bbox 333 2160 690 2202; x_wconf 84' lang='lat' dir='ltr'><strong>Laurentianus</strong></span> <span class='ocrx_word' id='word_1_259' title='bbox 706 2162 886 2202; x_wconf 84' lang='lat' dir='ltr'><strong>L1X5sc.</strong></span> <span class='ocrx_word' id='word_1_260' title='bbox 894 2156 1013 2216; x_wconf 56' lang='grc' dir='ltr'><strong>ΧΨ)</strong></span> <span class='ocrx_word' id='word_1_261' title='bbox 1027 2157 1092 2213; x_wconf 83' lang='lat'><strong>(=-</strong></span> <span class='ocrx_word' id='word_1_262' title='bbox 1105 2156 1330 2214; x_wconf 88' lang='lat' dir='ltr'><strong>Laurenti),</strong></span> <span class='ocrx_word' id='word_1_263' title='bbox 1344 2174 1516 2212; x_wconf 83' lang='lat' dir='ltr'><strong>quocum</strong></span> 
     </span>
    </p>

    <p class='ocr_par' dir='ltr' id='par_1_8' title="bbox 221 2215 1513 2274">
     <span class='ocr_line' id='line_1_34' title="bbox 221 2215 1513 2274; baseline -0.001 -15"><span class='ocrx_word' id='word_1_264' title='bbox 221 2220 319 2259; x_wconf 86' lang='grc'><strong>283.</strong></span> <span class='ocrx_word' id='word_1_265' title='bbox 351 2219 778 2271; x_wconf 82' lang='lat' dir='ltr'><strong>Heidelbergensis</strong></span> <span class='ocrx_word' id='word_1_266' title='bbox 810 2221 1068 2261; x_wconf 84' lang='lat' dir='ltr'><strong>Palatinus</strong></span> <span class='ocrx_word' id='word_1_267' title='bbox 1094 2235 1157 2273; x_wconf 88' lang='lat' dir='ltr'><strong>gr.</strong></span> <span class='ocrx_word' id='word_1_268' title='bbox 1186 2221 1270 2260; x_wconf 84' lang='lat'><strong>356</strong></span> <span class='ocrx_word' id='word_1_269' title='bbox 1280 2215 1316 2274; x_wconf 79' lang='lat'><strong>⁸)</strong></span> <span class='ocrx_word' id='word_1_270' title='bbox 1342 2233 1394 2260; x_wconf 90' lang='lat' dir='ltr'><strong>sc.</strong></span> <span class='ocrx_word' id='word_1_271' title='bbox 1420 2221 1513 2261; x_wconf 88' lang='lat' dir='ltr'><strong>XIV</strong></span> 
     </span>
    </p>
   </div>
   <div class='ocr_carea' id='block_1_3' title="bbox 214 2321 1513 2511">
    <p class='ocr_par' dir='ltr' id='par_1_9' title="bbox 217 2321 1131 2369">
     <span class='ocr_line' id='line_1_35' title="bbox 217 2321 1131 2369; baseline 0.001 -11"><span class='ocrx_word' id='word_1_272' title='bbox 217 2324 250 2366; x_wconf 91' lang='lat'><strong>1)</strong></span> <span class='ocrx_word' id='word_1_273' title='bbox 276 2321 386 2358; x_wconf 87' lang='lat' dir='ltr'><strong>Studi</strong></span> <span class='ocrx_word' id='word_1_274' title='bbox 410 2322 492 2359; x_wconf 70' lang='lat' dir='ltr'><strong>Ital.</strong></span> <span class='ocrx_word' id='word_1_275' title='bbox 512 2322 553 2358; x_wconf 89' lang='lat' dir='ltr'><strong>di</strong></span> <span class='ocrx_word' id='word_1_276' title='bbox 576 2322 666 2360; x_wconf 80' lang='lat' dir='ltr'><strong>fflol.</strong></span> <span class='ocrx_word' id='word_1_277' title='bbox 685 2323 792 2359; x_wconf 79' lang='lat' dir='ltr'><strong>class.</strong></span> <span class='ocrx_word' id='word_1_278' title='bbox 811 2323 873 2369; x_wconf 84' lang='lat' dir='ltr'><strong>lv,</strong></span> <span class='ocrx_word' id='word_1_279' title='bbox 899 2327 969 2359; x_wconf 76' lang='grc'><strong>288</strong></span> <span class='ocrx_word' id='word_1_280' title='bbox 994 2336 1031 2359; x_wconf 85' lang='grc' dir='ltr'><strong>ιι.</strong></span> <span class='ocrx_word' id='word_1_281' title='bbox 1050 2327 1131 2359; x_wconf 75' lang='grc'>871.</span> 
     </span>
    </p>

    <p class='ocr_par' dir='ltr' id='par_1_10' title="bbox 214 2369 1513 2511">
     <span class='ocr_line' id='line_1_36' title="bbox 215 2369 1466 2418; baseline 0.002 -13"><span class='ocrx_word' id='word_1_282' title='bbox 215 2373 250 2409; x_wconf 80' lang='lat'><strong>2)</strong></span> <span class='ocrx_word' id='word_1_283' title='bbox 274 2369 381 2406; x_wconf 81' lang='lat' dir='ltr'><strong>Char.</strong></span> <span class='ocrx_word' id='word_1_284' title='bbox 401 2370 501 2415; x_wconf 79' lang='lat' dir='ltr'><strong>epist</strong></span> <span class='ocrx_word' id='word_1_285' title='bbox 588 2373 631 2406; x_wconf 76' lang='grc'>18</span> <span class='ocrx_word' id='word_1_286' title='bbox 656 2382 693 2407; x_wconf 92' lang='lat' dir='ltr'><strong>n.</strong></span> <span class='ocrx_word' id='word_1_287' title='bbox 713 2374 769 2408; x_wconf 75' lang='grc'><strong>88</strong></span> <span class='ocrx_word' id='word_1_288' title='bbox 874 2374 909 2418; x_wconf 81' lang='lat'><strong>8)</strong></span> <span class='ocrx_word' id='word_1_289' title='bbox 935 2375 1030 2408; x_wconf 76' lang='lat' dir='ltr'><strong>Ann.</strong></span> <span class='ocrx_word' id='word_1_290' title='bbox 1053 2370 1231 2407; x_wconf 79' lang='lat' dir='ltr'><strong>Fleckeis.</strong></span> <span class='ocrx_word' id='word_1_291' title='bbox 1254 2373 1358 2414; x_wconf 76' lang='grc'>1876,</span> <span class='ocrx_word' id='word_1_292' title='bbox 1383 2374 1466 2408; x_wconf 77' lang='grc'><strong>498.</strong></span> 
     </span>
     <span class='ocr_line' id='line_1_37' title="bbox 214 2381 1513 2466; baseline 0.001 -13"><span class='ocrx_word' id='word_1_293' title='bbox 214 2419 252 2462; x_wconf 90' lang='grc'><strong>4)</strong></span> <span class='ocrx_word' id='word_1_294' title='bbox 276 2416 384 2453; x_wconf 84' lang='lat' dir='ltr'><strong>Char.</strong></span> <span class='ocrx_word' id='word_1_295' title='bbox 404 2381 566 2464; x_wconf 43' lang='lat' dir='ltr'><strong>episto?</strong></span> <span class='ocrx_word' id='word_1_296' title='bbox 572 2429 609 2464; x_wconf 91' lang='lat' dir='ltr'><strong>p.</strong></span> <span class='ocrx_word' id='word_1_297' title='bbox 630 2421 674 2454; x_wconf 89' lang='grc'>17</span> <span class='ocrx_word' id='word_1_298' title='bbox 693 2430 731 2454; x_wconf 93' lang='lat' dir='ltr'><strong>n.</strong></span> <span class='ocrx_word' id='word_1_299' title='bbox 750 2422 808 2455; x_wconf 78' lang='lat'><strong>48.</strong></span> <span class='ocrx_word' id='word_1_300' title='bbox 915 2423 953 2466; x_wconf 76' lang='grc' dir='ltr'><strong>δ)</strong></span> <span class='ocrx_word' id='word_1_301' title='bbox 976 2418 1086 2456; x_wconf 82' lang='lat' dir='ltr'><strong>Char.</strong></span> <span class='ocrx_word' id='word_1_302' title='bbox 1104 2417 1254 2465; x_wconf 81' lang='lat' dir='ltr'><strong>epistol.</strong></span> <span class='ocrx_word' id='word_1_303' title='bbox 1274 2430 1310 2464; x_wconf 89' lang='lat' dir='ltr'><strong>p.</strong></span> <span class='ocrx_word' id='word_1_304' title='bbox 1334 2421 1380 2455; x_wconf 87' lang='grc'><strong>18</strong></span> <span class='ocrx_word' id='word_1_305' title='bbox 1397 2430 1434 2454; x_wconf 87' lang='lat' dir='ltr'><strong>n.</strong></span> <span class='ocrx_word' id='word_1_306' title='bbox 1455 2421 1513 2454; x_wconf 83' lang='grc'><strong>46.</strong></span> 
     </span>
     <span class='ocr_line' id='line_1_38' title="bbox 214 2463 704 2511; baseline 0.004 -12"><span class='ocrx_word' id='word_1_307' title='bbox 214 2466 250 2510; x_wconf 78' lang='grc'><strong>8)</strong></span> <span class='ocrx_word' id='word_1_308' title='bbox 273 2463 397 2511; x_wconf 76' lang='lat' dir='ltr'><strong>Supra</strong></span> <span class='ocrx_word' id='word_1_309' title='bbox 420 2477 454 2511; x_wconf 90' lang='lat' dir='ltr'><strong>p</strong></span> <span class='ocrx_word' id='word_1_310' title='bbox 478 2468 544 2502; x_wconf 87' lang='grc'><strong>181</strong></span> <span class='ocrx_word' id='word_1_311' title='bbox 566 2477 603 2501; x_wconf 88' lang='grc' dir='ltr'><strong>ιι.</strong></span> <span class='ocrx_word' id='word_1_312' title='bbox 622 2469 704 2502; x_wconf 73' lang='lat'><strong>22⁸.</strong></span> 
     </span>
    </p>
   </div>
  </div>
 </body>
</html>
