1872 2924
340 229 422 271 186
637 225 1003 263 PROLEGOMENA
1029 225 1096 261 AD
1121 224 1381 261 EPISTULAS

260 326 333 358 608
395 318 492 357 259.
517 316 652 355 Etiam
676 315 870 354 Manuel
892 314 960 353 Rh
970 314 1067 364 aul,
1093 313 1162 364 qui
1181 314 1223 352 in
1242 307 1515 353 collectionem
1533 314 1683 364 epistu-

335 377 463 415 larum
483 375 766 425 exemplarium
785 373 858 413 sub
876 374 1116 424 imperatore
1135 373 1282 412 Ioanne
1298 372 1571 412 Cantacuzeno
1590 385 1685 412 con·

335 438 507 487 gestam,
540 434 716 473 nondum
748 432 900 483 publici
928 431 1029 472 iuris
1062 433 1210 471 factam
1242 431 1453 471 nonnullas
1488 431 1681 482 epistulas

334 494 492 534 Libanii
516 494 581 533 vel
602 495 791 543 integras,
813 494 862 531 ut
881 493 965 531 408
986 493 1027 530 et
1047 493 1130 531 617
1157 492 1279 530 etiam
1298 490 1524 531 nominibus
1544 502 1682 530 eorum

335 554 385 594 ad
416 566 517 604 quos
542 552 660 591 datae
685 554 779 591 sunt
802 551 980 600 retentis,
1004 551 1068 590 vel
1093 563 1115 590 e
1139 554 1254 601 parte
1278 550 1441 600 recepit,
1472 549 1606 589 codice
1631 551 1684 589 si-

334 613 420 652 mili
445 615 568 663 atque
593 611 825 662 Lacapenus
850 622 944 651 usus
969 613 1039 650 est.
1076 609 1182 649 Nam
1207 622 1266 660 ep.
1290 610 1401 649 1536
1429 608 1568 649 eadem
1585 621 1682 650 voce

334 675 448 723 μενεῖ
471 671 618 710 desinit
655 673 773 721 atque
804 670 868 715 Su
899 669 983 709 Lac
1013 671 1053 709 et
1087 682 1146 719 ep.
1173 669 1258 708 408
1296 666 1573 722 ἐψηφισμένον
1608 679 1682 719 pro

334 728 619 783 ἐψηφισμένων
642 730 808 781 praebet
833 742 958 780 aeque
983 741 1029 768 ac
1051 729 1110 768 Vi.
1148 727 1251 768 Usus
1276 740 1364 767 sum
1383 727 1582 767 codicibus
1600 727 1683 766 Mo

333 791 494 830 nacensi
518 803 575 842 gr.
598 790 680 829 199
702 791 742 829 et
770 789 866 828 145.

395 851 491 889 260.
517 849 704 901 Singulos
733 849 840 888 locos
871 860 989 887 suum
1021 847 1062 885 in
1086 859 1203 886 usum
1228 848 1510 886 converterunt
1534 847 1684 886 Theo-

331 909 476 949 dorus
501 908 806 959 Hyrtacenus
825 920 914 946 cum
931 907 975 945 in
993 905 1239 946 orationibus
1259 901 1328 960 (cf.
1348 906 1399 945 ad
1418 918 1478 956 ep.
1501 900 1576 959 32)
1595 908 1684 944 tum

331 970 375 1008 in
400 968 583 1019 epistulis
608 970 649 1007 et

393 1029 490 1067 261
511 1026 781 1066 Demetrius
803 1024 1075 1077 Cydonius'
1063 1038 1106 1063 111
1125 1023 1308 1074 epistulis
1327 1018 1395 1077 (cf.
1410 1023 1461 1063 ad
1480 1036 1540 1074 ep.
1563 1021 1681 1072 143).

393 1088 490 1126 262.
517 1086 756 1125 Macarius
783 1084 1200 1135 Chrysoeephalus
1225 1084 1267 1122 in
1293 1083 1439 1123 Roseto
1465 1083 1549 1123 cod.
1577 1083 1683 1122 Mar-

330 1147 434 1185 cian.
459 1160 518 1198 gr
544 1147 630 1185 452
657 1158 708 1185 sc.
733 1144 808 1184 XV
833 1145 900 1183 fol.
929 1144 982 1184 95
1008 1143 1172 1191 tradito,
1202 1144 1249 1182 ut
1279 1142 1375 1181 ordo
1409 1145 1684 1194 excerptorum

332 1207 600 1256 lectionesque
618 1206 730 1256 ipsae
749 1203 961 1244 ostendunt
980 1198 1050 1257 (cf.
1069 1215 1130 1253 ep.
1152 1203 1236 1242 694
1262 1202 1298 1240 X
1318 1197 1526 1256 627,12),
1550 1201 1682 1242 codice

331 1266 488 1316 generis
511 1265 639 1315 ipsius
666 1262 934 1314 Lacapeniani
956 1275 1052 1302 usus
1076 1262 1148 1302 est.

394 1325 491 1364 263.
529 1323 752 1364 Scholiasta
794 1322 939 1362 codicis
982 1320 1355 1361 Schellershemiani
1397 1320 1684 1359 Panathenaici

331 1383 520 1423 Aristidis
544 1396 668 1422 unum
694 1382 958 1433 epistularum
981 1381 1114 1420 locum
1137 1379 1335 1429 laudavit,
1359 1379 1457 1418 item

394 1445 491 1482 264.
521 1443 736 1482 Andreas
768 1440 1055 1491 Lopadiota,
1087 1441 1227 1479 auctor
1255 1438 1402 1478 lexici
1433 1438 1682 1478 Vindobo-

330 1502 493 1542 nensis
519 1496 588 1556 (cf.
608 1515 668 1552 ep.
690 1502 773 1540 957
800 1500 858 1540 XI
882 1501 949 1550 94,
970 1501 994 1539 3
1015 1494 1106 1550 sqq)
1131 1511 1152 1537 e
1173 1511 1250 1549 quo
1268 1497 1370 1537 nihil
1389 1498 1438 1537 de
1457 1510 1599 1549 genere
1618 1510 1683 1537 co-

331 1562 430 1601 dicis
460 1561 631 1600 adhibiti
655 1560 788 1612 colligi
814 1561 959 1611 potest.
995 1559 1123 1608 Alter,
1153 1571 1272 1609 quem
1297 1558 1478 1597 laudavit
1501 1569 1531 1597 s.
1556 1570 1593 1597 v.
1619 1555 1681 1605 ἔξ-

329 1635 452 1675 αρνος
469 1620 672 1675 γράφεται,
691 1623 751 1659 est
769 1619 960 1659 Aristidis
980 1613 1049 1671 (cf.
1069 1618 1209 1669 fragm.
1230 1617 1286 1656 84
1305 1617 1362 1655 XI
1383 1611 1499 1670 662).
1529 1614 1680 1656 Oomm.

329 1694 391 1732 ep.
415 1682 481 1732 13,
506 1692 607 1731 quae
632 1692 769 1719 vocem
793 1677 955 1731 ἔξαρνος
978 1677 1152 1728 praebet,
1177 1676 1350 1729 genuina
1372 1688 1453 1715 non
1478 1677 1548 1715 est.

391 1752 473 1791 Nec
505 1750 720 1802 quicquam
744 1751 889 1789 certius
913 1748 1041 1788 statui
1063 1749 1198 1799 potest
1221 1747 1270 1787 de
1295 1747 1506 1796 codicibus,
1538 1746 1682 1797 quibus

329 1812 706 1916 1ιεί2ῗῖιιὸῃὺΜι3αιιιεΙ
729 1874 1061 1925 Chrysoloras,
1087 1873 1157 1923 qui
1174 1872 1306 1912 locum
1324 1884 1384 1922 ep.
1405 1872 1490 1911 435
1512 1866 1568 1924 (X
1581 1871 1683 1922 425,

332 1936 509 1985 9-426,
531 1931 575 1988 2)
600 1934 816 1974 laudavit·
805 1947 848 1972 in
873 1932 1067 1986 συγκρίσει
1092 1934 1261 1978 παλαιᾶς
1279 1929 1346 1970 καὶ
1364 1928 1456 1978 νέας
1469 1925 1621 1981 Ῥώμης
1641 1931 1682 1968 et

394 2002 490 2039 266.
516 1999 777 2051 Gregorius
807 1999 851 2037 in
881 1997 1057 2049 epistula
1086 1998 1129 2036 in
1154 1996 1428 2036 Bessarionem
1453 1990 1523 2049 (cf.
1543 1994 1594 2034 ad
1619 2007 1679 2044 ep.

333 2061 417 2098 226
443 2060 480 2098 Χ
501 2061 597 2109 211,
620 2056 707 2110 10).

392 2154 517 2192 Fama
540 2152 749 2204 quaedam,
774 2165 877 2203 quae
902 2152 977 2191 etsi
1000 2151 1153 2191 incerta
1177 2150 1228 2190 ad
1252 2163 1315 2189 me
1338 2150 1522 2200 pervenit
1545 2148 1593 2187 de
1613 2147 1680 2187 Li·

332 2213 443 2252 banii
481 2212 666 2263 operibus
703 2211 939 2262 quibusdam
974 2211 1017 2250 in
1052 2211 1234 2262 linguam
1270 2208 1680 2260 palaeoslavicam

331 2273 470 2321 versis,
492 2272 606 2311 nulla
630 2272 711 2310 alia
734 2284 777 2310 re
802 2270 997 2311 contineri
1019 2270 1177 2309 videtur
1199 2270 1279 2308 nisi
1302 2268 1501 2308 mentione

395 2332 491 2371 267.
524 2331 706 2370 codicis
741 2330 916 2370 slavici
945 2329 1209 2368 bibliothecae
1240 2327 1473 2367 monasterii
1505 2325 1544 2366 S.
1565 2324 1678 2365 Ger-

331 2391 459 2429 mani
490 2402 514 2428 a
543 2389 704 2429 Pratis
740 2388 1089 2428 Benedictinorum
1124 2387 1452 2438 Gongregationis
1485 2384 1524 2424 S.
1549 2384 1675 2424 Mauri

332 2449 463 2489 Lutet.
498 2449 624 2489 Paris.
658 2462 681 2487 a
706 2448 909 2488 Bernardo
941 2447 988 2487 de
1014 2447 1271 2486 Montfaucon
1297 2445 1399 2485 Bibl.
1419 2456 1613 2484 manuscr.
1638 2443 1675 2482 ΙΙ
