1872 2924
428 236 450 277 ς
471 236 527 270 ιι.
558 230 773 269 ΒΤΕΜΜΑ.
823 234 844 275 ς
866 218 922 268 is.
952 229 1254 268 TESTIMONIA
1437 228 1523 272 185

219 324 317 364 252.
342 321 524 363 Plurima
553 321 800 372 excerptis
831 319 1087 360 continentur
1118 318 1264 359 codicis
1290 318 1525 370 Neapoli-

156 382 261 423 tani
285 381 327 422 11
352 380 383 422 O
409 383 464 422 32
490 393 543 422 sc.
563 380 636 420 XV
661 375 727 435 (—
748 380 832 420 Exc
843 374 1035 432 Neap)¹).

220 443 318 483 253.
343 441 455 482 Haeo
478 454 500 479 e
524 442 640 493 parte
658 442 700 480 in
721 443 907 492 excerpta
930 438 1360 490 Heidelbergensis
1379 437 1520 478 Pala·

158 502 255 543 tini
278 515 338 555 gr.
361 502 443 542 129
470 497 536 553 (-
556 495 649 555 Pal)
675 500 744 541 fol.
764 500 842 540 46'
867 494 1174 551 transiemnt').
1206 499 1425 538 Rarissime
1446 497 1520 548 igi·

157 565 227 602 tur
254 573 386 613 neque
416 560 495 601 nisi
524 561 753 612 speciminis
783 560 871 599 loco
902 559 1042 599 horum
1075 560 1181 599 ratio
1211 557 1397 599 habenda
1421 563 1521 597 erat.

220 623 317 663 254.
344 620 477 663 Unum
501 621 660 660 tantum
685 620 818 660 locum
839 619 1131 670 proverbialem
1151 615 1230 672 (ep.
1253 619 1338 658 473
1365 617 1401 657 X
1420 618 1522 666 453,

161 683 216 721 12
243 677 322 733 sq.)
347 693 463 721 suum
487 680 585 720 fecit
607 680 841 720 Maximus
866 679 1109 719 Planudes
1131 691 1192 730 ep.
1215 679 1300 718 119
1321 677 1382 717 ed.
1402 677 1520 716 Treu.

220 742 319 781 255.
351 739 496 781 Codice
526 753 617 780 cum
645 740 681 779 V
709 739 966 791 aliquatenus
997 740 1170 791 cognato
1195 738 1401 778 Thomas
1425 736 1520 776 Ma·

159 801 315 853 gister
346 796 411 854 (—
434 795 581 852 Thom)
610 812 706 839 usus
736 799 896 839 videtur
926 811 1023 850 esse,
1055 798 1125 849 qui
1155 798 1371 838 nonnullos
1402 797 1527 842 locos,

161 860 230 901 sed
261 873 402 911 parum
431 863 615 900 accurate
640 859 837 909 laudavit,
867 861 915 899 ut
944 859 1023 899 loci
1048 871 1095 898 ex
1121 871 1181 910 ep.
1203 859 1285 898 671
1314 857 1380 898 vel
1407 857 1523 897 1153

159 921 276 961 citati
293 922 506 960 testantur.
537 918 689 960 Oontra
707 933 766 971 ep.
784 921 870 959 362
891 916 947 973 (X
961 919 1061 969 345,
1078 913 1154 972 12)
1173 927 1215 957 et
1229 918 1314 957 542
1336 917 1409 968 (ib.
1424 917 1525 967 507,

164 975 240 1034 18)
265 993 290 1020 a
311 981 344 1021 V
369 979 519 1020 recedit
543 982 584 1020 et
608 980 708 1019 facit
733 992 822 1019 cum
846 979 886 1019 S.

222 1041 320 1080 256.
346 1039 535 1080 Eiusdem
568 1040 690 1080 etiam
721 1040 832 1079 locus
863 1052 925 1090 ep.
947 1038 1032 1078 256
1065 1033 1120 1088 (Χ
1141 1038 1241 1083 247,
1264 1038 1340 1076 7-
1356 1032 1432 1091 12)
1464 1038 1529 1076 est

160 1101 204 1140 in
228 1100 391 1140 scholiis
416 1099 564 1140 codicis
591 1099 798 1139 Leidensis
822 1099 872 1139 ad
899 1098 993 1138 Eur.
1016 1097 1163 1138 Phoen.
1185 1098 1282 1138 290.

222 1161 320 1200 257.
346 1159 605 1211 Georgium
632 1159 931 1211 Lacapenum
965 1153 1030 1213 (—
1050 1152 1170 1211 Lac),
1202 1158 1273 1208 qui
1296 1157 1415 1209 longe
1440 1168 1523 1196 om·

161 1219 273 1259 nium
299 1219 494 1271 plurimos
518 1219 626 1260 locos
650 1218 835 1259 laudavit
858 1219 961 1258 etin
979 1218 1243 1269 epimerismis
1261 1216 1524 1268 epistularum

162 1283 207 1319 et
225 1280 267 1319 in
287 1279 425 1319 libello
444 1277 532 1330 περὶ
551 1284 620 1331 τῆς
639 1278 860 1328 συντάξεως
877 1283 957 1318 τῶν
975 1277 1177 1331 ῥημάτων,
1201 1277 1315 1316 cuius
1333 1276 1525 1316 lectiones

160 1339 309 1379 codicis
334 1339 583 1390 Mosquensis
609 1335 677 1392 (cf.
697 1338 749 1379 ad
775 1352 836 1390 ep.
857 1338 943 1378 388
970 1338 1004 1376 X
1029 1338 1129 1387 380,
1157 1339 1177 1376 1
1201 1332 1280 1389 sq.)
1315 1334 1526 1376 Theodoro

162 1399 314 1439 Korsch
346 1398 481 1449 debeo,
513 1399 687 1439 codicem
717 1411 757 1438 m
788 1411 877 1439 cum
909 1398 1129 1449 archetypo
1151 1396 1334 1436 >codicum
1359 1395 1393 1436 8
1415 1399 1457 1435 et
1476 1395 1529 1436 Vi

162 1461 378 1512 cognatum
404 1471 618 1510 usurpasse
644 1472 665 1499 e
686 1457 925 1498 lectionibus
944 1470 1005 1508 ep.
1029 1458 1112 1497 123
1134 1456 1190 1502 (Χ
1211 1458 1310 1502 124.
1333 1451 1408 1510 15)
1426 1452 1525 1506 ἀφε-

162 1517 348 1572 στηκέναι
381 1515 448 1572 (S)
473 1531 547 1569 pro
571 1516 791 1570 ἀφεστάναι
815 1520 857 1557 et
881 1531 939 1569 ep.
964 1520 1017 1557 25
1046 1517 1101 1566 (Χ
1123 1518 1193 1565 23,
1221 1519 1242 1556 1
1265 1511 1343 1567 sq)
1368 1513 1528 1563 ἐδέξατο

163 1573 273 1633 (Vi),
298 1591 402 1630 quae
427 1579 643 1631 genuinam
669 1579 919 1630 reliquorum
943 1577 1136 1616 librorum
1162 1571 1263 1628 εἶχεν
1286 1573 1390 1627 αὐτὴ
1414 1575 1526 1622 δεξα-

164 1636 264 1690 μένη
275 1638 460 1686 removit,
470 1638 655 1679 concludi
667 1640 812 1689 potest.
826 1638 975 1677 Vocem
986 1634 1113 1690 ἡσυχῇ
1122 1649 1171 1688 ep
1191 1637 1275 1676 374
1292 1635 1346 1687 (Χ
1356 1636 1456 1683 363,
1469 1629 1525 1688 1),

163 1711 267 1750 quae
298 1700 346 1737 ut
376 1698 427 1738 ab
458 1698 643 1739 omnibus
669 1698 783 1738 libris
808 1697 924 1738 abest
946 1698 1007 1737 ita
1030 1709 1056 1736 a
1080 1696 1169 1736 Lac
1192 1696 1279 1736 solo
1303 1695 1526 1742 exhibetur,

164 1759 381 1810 genuinam
412 1770 497 1798 esse
527 1770 623 1799 cave
649 1771 670 1796 e
695 1758 841 1798 lacuna
867 1758 892 1797 5
921 1757 986 1797 vel
1011 1758 1036 1796 6
1063 1757 1293 1796 litterarum
1317 1756 1359 1794 in
1386 1754 1472 1795 cod.
1493 1754 1531 1792 V

164 1817 378 1869 conspicua
410 1818 590 1871 colligas.
632 1818 746 1858 Nihil
779 1818 860 1857 nisi
893 1817 1213 1856 additamentum
1245 1816 1373 1866 ipsius
1407 1817 1469 1855 est
1502 1826 1528 1853 a

164 1878 427 1929 simplicitate
451 1877 639 1918 dictionis
663 1877 910 1918 Libanianae
936 1877 1124 1917 alienum.

224 1938 316 1978 Non
347 1937 510 1989 quidem
540 1939 661 1989 pauci
690 1949 870 1987 numere,
900 1937 971 1977 sed
994 1936 1113 1987 parvi
1137 1934 1292 1975 ambitu
1315 1936 1413 1974 sunt
1436 1933 1528 1984 loci,

166 1998 238 2047 qui
263 1997 305 2037 in
330 1997 499 2038 diversis
522 1998 661 2038 lexicis
685 1997 750 2037 vel
776 1996 973 2048 excerptis
998 1995 1144 2036 codicis

229 2058 326 2097 258.
342 2051 803 2109 Darmstadicnsis⁸)
819 2057 934 2096 2773
950 2068 1000 2096 sc.
1015 2053 1205 2108 xlvsxv
1217 2067 1340 2094 manu
1352 2053 1530 2093 secunda

166 2117 210 2155 iu
234 2116 484 2169 marginibus
509 2130 646 2157 eorum
671 2117 800 2156 additi
825 2118 931 2164 sunt,
956 2118 1000 2156 at
1023 2115 1101 2155 loci
1122 2114 1203 2165 ipsi
1221 2113 1363 2154 saltem
1384 2115 1424 2152 in
1445 2125 1529 2152 ma·

167 2176 286 2216 ximis
310 2188 447 2216 eorum
473 2177 562 2231 (fol.
584 2177 877 2227 107V—113'3
909 2170 1251 2228 3221—345'5‘)
1276 2173 1393 2213 allati
1421 2173 1528 2213 codi-

168 2247 253 2275 cem
273 2235 474 2288 Lacapcni
492 2239 540 2276 ut
558 2236 711 2276 fontem
729 2236 948 2276 excludunt
965 2237 1007 2275 et
1024 2235 1198 2275 codicem
1218 2245 1308 2274 cum
1331 2233 1366 2272 V
1383 2245 1529 2285 cogna-

166 2297 255 2335 tum
278 2296 526 2347 probabilem
550 2295 733 2336 reddunt.
765 2294 1003 2335 Examinavi
1026 2295 1203 2335 codicem
1229 2306 1262 2333 a.
1286 2293 1413 2333 1918.

228 2387 265 2468 ἓ)
290 2385 534 2470 ἓιὲρέιῃρῶἓ
558 2391 672 2471 nasu.
770 2388 807 2430 2)
832 2385 955 2432 Supra
976 2397 1013 2433 p.
1029 2388 1074 2421 ‘10
1099 2397 1135 2421 n.
1157 2388 1213 2421 1⁶.

229 2434 265 2527 ιζ
290 2461 402 2518 νὸιιι
426 2437 1173 2526 a¹b=502331³⁸033t¹1213i.¹}5‘131b1.x1v
1198 2483 1268 2516 ωε,
1293 2480 1333 2515 ot
1357 2480 1427 2516 m
