1872 2924
344 213 372 254 4
421 212 602 248 LIBANII
628 211 710 254 QUI
734 211 1000 248 FERUNTUR.
1025 211 1375 247 CHARACTERES
1400 212 1664 250 EPISTOLICI

403 301 463 340 De
495 300 633 352 ecloga
665 299 927 351 epistularum
953 298 1112 338 Libanii
1129 300 1260 339 'huius
1291 300 1436 340 codicis
1468 302 1516 340 cf.
1543 301 1700 354 Proleg.

342 360 415 400 sub
435 374 473 400 n.
496 361 562 399 12.

405 419 450 458 Si
474 432 553 458 non
579 418 629 457 ad
664 419 698 455 V
720 418 864 469 ipsum,
890 420 995 457 certe
1019 418 1068 456 ad
1090 418 1263 457 codicem
1283 431 1372 457 cum
1392 419 1466 458 hoc
1485 423 1699 470 cognatum

343 478 448 518 redit

273 558 340 591 417
405 552 443 589 3.
480 548 772 588 Havniensis
810 548 1138 588 bibliothecae
1177 549 1339 600 regiae
1379 545 1535 602 19851)
1573 549 1699 588 chart.

347 611 496 648 formae
532 610 661 659 quart.
689 619 739 646 sc.
766 607 838 646 XV
874 607 1144 658 compluribus
1178 607 1361 646 manibus
1396 611 1595 657 exaratus,
1628 608 1700 659 qui

344 670 410 707 fol.
428 668 667 708 141—154‘
684 666 850 717 praebet
869 666 1050 716 λιβανίου
1074 672 1264 716 σοφιστοῦ
1281 664 1562 719 ἐπιστολιμαῖοι
1579 682 1699 720 χαρα-

342 733 481 780 κτῆρες
491 727 634 778 quibus
647 726 758 765 nullo
771 726 987 765 inbervallo
1001 725 1216 764 succedunt
1229 726 1389 765 aliunde
1400 728 1559 777 sumpta
1568 738 1702 766 exem-

343 788 412 838 pla
436 785 667 826 recenhioris
693 785 859 836 originis
884 785 976 824 inde
1002 797 1027 823 a
1051 778 1112 824 κε’
1135 783 1377 836 ε’παινετική·
1411 784 1453 824 οἱ
1473 784 1542 833 τὰς
1561 783 1699 838 ἀρετὰς

344 844 514 897 μετιέναι
538 858 662 897 usque
683 844 735 884 ad
753 843 852 897 πρὸς
871 844 990 895 φίλον
1009 842 1242 895 ἀσπαστική.
1273 849 1344 895 τῆς
1363 842 1532 897 ἀγάπης,
1558 839 1589 883 ὦ
1610 844 1699 895 φίλε

345 901 425 959 (ed.
439 903 589 944 W'eich.
603 919 642 955 p.
658 899 854 969 {LI-54).
888 903 1166 953 Subscriptum
1186 906 1246 943 est
1264 901 1370 951 τέλος
1389 902 1508 955 ἀμήν.
1541 902 1585 943 ἐν
1603 901 1702 955 μηνὶ

345 976 447 1027 μαίω
473 971 519 1027 ῗή
551 976 626 1015 ἰνδ.
661 976 751 1027 ιβου.
789 975 994 1014 Nonnulla
1025 975 1185 1025 quidem
1215 974 1400 1024 mutavit,
1426 975 1469 1013 in
1500 975 1700 1026 plerisque

346 1049 439 1076 vero
465 1049 554 1075 cum
588 1035 625 1073 V
646 1035 755 1074 facit.
787 1035 1038 1074 Weichertus
1064 1029 1120 1087 (p.
1142 1034 1233 1072 LVI
1253 1029 1331 1086 sq.)
1357 1033 1531 1073 codicem
1554 1033 1699 1073 litteris

345 1097 415 1135 Ha
444 1095 683 1147 insignitum
714 1094 885 1134 contulit
909 1091 1181 1145 lecssionesque
1205 1094 1247 1132 in
1273 1095 1511 1143 apparatum
1537 1092 1700 1142 recepit.

344 1155 435 1204 Ipse
461 1153 698 1201 examinavi,
723 1153 791 1192 sed
818 1153 867 1191 ab
894 1155 1091 1203 apparatu
1110 1153 1271 1191 removi.

405 1250 566 1300 Reliqui
590 1248 744 1288 codices
770 1248 820 1287 ad
846 1248 997 1287 fontem
1021 1260 1111 1286 cum
1136 1248 1167 1284 Γ
1185 1259 1434 1285 communem
1452 1241 1511 1300 (c)
1533 1246 1702 1286 redeunt

346 1321 425 1348 non
450 1309 610 1359 quidem
635 1309 702 1347 via
727 1309 847 1357 recta,
872 1307 941 1347 sed
965 1319 1037 1358 per
1061 1306 1236 1345 codicem
1258 1305 1374 1344 hodie
1393 1305 1643 1356 deperditum
1661 1305 1700 1344 d.

346 1368 424 1413 Qui
450 1367 548 1407 duas
573 1367 716 1406 habuit,
740 1368 992 1418 propagines,
1019 1379 1189 1417 quarum
1214 1365 1324 1416 prior
1348 1365 1480 1404 codice
1513 1365 1553 1404 U
1573 1366 1700 1403 conbi-

347 1429 474 1477 netur,
500 1428 629 1466 altera
652 1427 831 1477 reliquos
858 1426 1011 1465 codices
1037 1424 1344 1475 comprehendit.

404 1486 561 1526 Littera
592 1488 725 1524 autem
758 1486 798 1525 U
819 1499 842 1522 a
867 1499 929 1524 mc
954 1498 1044 1524 cum
1070 1484 1296 1522 Weicherto
1322 1479 1379 1536 (p.
1400 1478 1550 1535 XLIII)
1577 1483 1700 1533 iusig-

348 1547 456 1585 nitur
481 1547 601 1585 codex

409 1619 446 1656 4.
472 1617 741 1656 Vaticanus
766 1630 823 1668 gr.
854 1610 1007 1664 13912)
1035 1616 1184 1654 formae
1211 1616 1339 1666 quart.
1360 1614 1455 1653 min.
1474 1614 1544 1653 fol.
1566 1615 1698 1652 7-10

347 1676 561 1726 inscriptus
586 1675 767 1728 λιβανίου
793 1681 984 1725 σοφιστοῦ
1014 1673 1295 1724 ἕπιστολιμαῖοι
1318 1678 1555 1726 χαρακτῆρες
1578 1685 1700 1712 manu

346 1748 398 1775 sc.
423 1736 502 1774 XII
539 1735 778 1775 nitidissime
817 1737 1002 1774 exaratus
1034 1734 1249 1784 eademque
1280 1733 1345 1772 hic
1375 1732 1460 1771 illic
1489 1731 1698 1772 correctus.

348 1795 527 1833 Primum
558 1794 759 1834 adhibitus
791 1796 851 1834 est
883 1794 931 1832 ab
962 1794 1153 1842 Hinckio,
1185 1792 1253 1843 qui
1284 1805 1375 1831 eum
1403 1792 1540 1830 littera.
1570 1792 1603 1829 B
1641 1792 1702 1829 in-

349 1854 526 1905 signivit.
559 1854 681 1893 Cuius
700 1854 914 1892 collabione
933 1865 1058 1903 aeque
1079 1855 1200 1901 atque
1220 1851 1466 1890 Weichertus
1486 1863 1579 1889 usus
1599 1862 1699 1889 sum.

347 1914 517 1963 Inspexi.

411 1973 468 2010 Ex
494 1972 566 2011 hoc
592 1972 812 2022 descripbus
839 1974 898 2010 est

411 2045 448 2081 5.
475 2043 830 2092 Neapolitanus
856 2042 1185 2081 bibliothecae
1211 2040 1477 2079 nationalis
1502 2038 1565 2077 m
1590 2038 1623 2076 B
1644 2039 1698 2077 32

350 2098 527 2154 (GCLVI
558 2104 601 2140 in
624 2102 754 2140 indice
777 2101 996 2151 Gyrilliano
1006 2096 1058 2153 ³),
1084 2101 1140 2139 IX
1166 2100 1208 2138 in
1233 2099 1362 2139 indice
1387 2098 1568 2137 Baffiano
1593 2096 1701 2136 edito

351 2175 375 2200 a
394 2161 762 2210 Fabricio-Harles,
782 2161 887 2201 Bibl.
907 2173 1034 2212 graec.
1052 2159 1089 2196 V
1107 2173 1145 2209 p.
1169 2154 1272 2212 775)
1291 2159 1359 2197 fol.
1383 2159 1466 2197 235
1487 2156 1702 2206 inscriptus

350 2220 531 2271 λιβανίου
551 2226 742 2271 σοφιστοῦ
763 2218 1045 2270 ἐπιστολιμαῖοι
1069 2223 1325 2271 χαρακτῆρες,
1352 2218 1420 2268 qui
1440 2217 1507 2255 fol.
1530 2216 1613 2254 246
1634 2214 1701 2253 de-

350 2280 434 2318 ficit
451 2280 582 2318 verbis
595 2277 776 2329 ἐπιστολὴ
792 2277 906 2329 μικτὴ
919 2276 1067 2330 λέγεται
1080 2276 1146 2317 διὰ
1159 2276 1259 2316 τὸέκ
1271 2275 1476 2328 διαφόρων
1491 2270 1547 2327 (p.
1562 2274 1630 2323 46,
1646 2275 1700 2312 14

413 2394 447 2438 1)
475 2393 619 2439 Proleg.
647 2393 716 2428 sub
741 2368 873 2428 n.'200
899 2394 938 2427 et
959 2396 1039 2427 280.

412 2442 447 2484 2)
475 2440 528 2475 Cf.
548 2442 574 2475 t.
595 2440 647 2476 VI
673 2444 740 2475 502
767 2452 801 2476 n.
825 2443 903 2474 249.
1025 2442 1061 2482 3)
1087 2438 1140 2474 Cf.
1161 2439 1185 2473 ii.
1209 2437 1256 2472 VI
1276 2441 1344 2472 502
1372 2449 1406 2472 n.
1427 2439 1507 2471 250.
