1872 2924
333 256 418 302 132
634 256 970 293 PROLEGOMEN
971 258 1004 293 A
1031 258 1108 311 AD.
1124 259 1382 297 EPISTULAS

333 347 430 384 121.
453 346 549 383 127.
572 346 668 384 754.
697 347 795 384 298.
819 347 942 386 1330.
966 348 1090 387 1288
1114 348 1210 387 651.
1233 350 1330 389 371.
1353 351 1566 390 74.1458.
1589 353 1688 391 735.

332 406 429 443 732.
468 402 692 459 ἀλεξάνδρῳ
719 406 816 444 838.
845 407 941 444 282.
971 408 1066 446 299.
1097 409 1375 448 1257.1351.
1405 410 1686 450 1361.1397.

333 464 610 503 1411.1424.
642 463 845 520 δημητρίῳ
873 466 968 504 528.
999 467 1218 506 283128
1249 469 1373 506 1481.
1406 468 1562 525 μαξίμῳ
1588 471 1686 509 239.

333 523 718 562 694.135Ο.1439.
750 523 948 579 κληματίῳ
969 525 1066 564 325.
1086 527 1183 565 332.
1214 524 1397 582 ἀμμιανῷ
1419 529 1687 568 1527.1534.

335 583 459 621 1540.
501 581 706 637 χρωματίῳ
734 584 831 622 693.
875 583 1063 638 θεμιστίῳ
1091 586 1188 624 301.
1217 586 1312 625 368.
1340 588 1407 626 86.
1435 588 1532 626 476.
1561 589 1688 627 1430.

332 644 482 697 γαιανῷ
515 643 609 681 780.
640 643 891 681 1191218.
935 641 1095 699 ἐλπιδίῳ
1126 645 1252 684 1395.
1282 647 1406 685 1433.
1435 647 1531 686 797.
1560 648 1686 687 1473.

336 701 461 740 1508.
489 701 1035 741 103.1081.1119.1195.
1064 683 1192 742 1487.
1220 706 1317 743 810.
1345 706 1442 744 802.
1469 707 1567 745 369.
1587 707 1687 746 493.

333 760 461 798 1428.
491 761 616 799 1429.
647 761 772 799 1224.
801 761 927 800 1185.
955 763 1052 801 390.
1080 763 1177 802 386.
1205 763 1302 803 663.
1342 767 1562 819 πρισκιανῷ
1591 766 1688 804 125.

333 819 680 859 136.143.173.
716 821 814 858 237.
847 820 944 860 636.
977 822 1071 860 167.
1118 822 1307 877 θεοδώρῳ
1336 825 1460 862 1205.
1503 827 1555 878 τῷ
1584 822 1690 880 αὐτῷ

331 875 421 928 ἤτοι
440 881 494 934 τῷ
516 881 736 933 πρισκιανῷ
757 880 854 918 256.
877 881 1003 919 1156.
1025 882 1121 920 435.
1145 882 1210 921 98.
1234 882 1331 921 352.
1353 884 1448 922 116.
1471 884 1567 923 245.
1590 866 1688 923 248.

333 919 587 977 6591383.
632 938 767 977 Etiam
791 939 952 977 nomina
978 952 1115 978 eorum
1140 941 1192 979 ad
1223 953 1321 991 quos
1346 942 1543 992 epistulae
1568 943 1688 981 datae

334 999 428 1036 sunt
452 997 601 1048 passim
622 997 794 1036 alterata
819 1001 923 1047 sunt,
947 999 1057 1038 velut
1078 1001 1190 1039 1227
1211 1001 1403 1051 inscripta
1422 1003 1482 1040 est
1506 1014 1585 1041 uon
1604 1016 1691 1042 και-

333 1055 469 1110 σαρίῳ,
496 1056 564 1095 sed
590 1056 738 1111 μαρίῳ
767 1058 879 1097 1138
907 1069 985 1096 11011
1011 1058 1264 1113 μαοκελλίνῳ,
1290 1060 1358 1099 sed
1382 1060 1545 1116 καρίνῳ,
1573 1062 1686 1100 1257

333 1129 413 1154 non
437 1114 637 1171 εὐφημίῳ,
664 1116 733 1155 sed
756 1113 995 1172 ἀλεξάνδρῳ,
1023 1118 1138 1157 1330
1164 1131 1243 1158 non
1261 1116 1477 1176 ἀντωυίνῳ,
1503 1120 1571 1159 sed
1595 1117 1688 1159 ακα·

332 1175 420 1229 κίῳ,
448 1175 562 1214 1288
588 1188 668 1214 non
693 1175 832 1230 μαρίῳ,
858 1176 927 1215 sed
951 1174 1112 1231 ἀκακίῳ.
1146 1177 1348 1217 Scholium
1374 1178 1422 1217 de
1445 1179 1614 1218 Maximo
1636 1179 1688 1218 ad

334 1247 394 1284 ep.
411 1235 496 1273 694
519 1235 599 1272 fere
618 1234 724 1273 idem
742 1234 864 1274 habet
883 1237 1004 1285 atque
1027 1237 1088 1281 W
1108 1237 1205 1282 Lac,
1228 1237 1295 1276 sed
1314 1250 1374 1288 ep.
1392 1240 1503 1277 1227
1524 1238 1689 1278 aliunde

334 1295 494 1343 sumpta
520 1296 590 1332 est.
628 1294 806 1345 Inspexit
829 1295 1113 1346 Rostgaardus.
1156 1297 1403 1337 Examinavi.

375 1431 404 1486 g
423 1429 462 1474 6.
494 1431 557 1475 Dc
583 1431 804 1477 codicibus
830 1432 1008 1489 eclogae
1034 1433 1362 1491 Lacapcnianae
1387 1436 1431 1480 et
1457 1435 1652 1480 familiae

787 1515 884 1548 cum
909 1505 991 1548 hac
1017 1505 1243 1562 cognatae.

396 1589 456 1627 Ex
474 1591 490 1627 i
507 1602 601 1628 vero
620 1590 737 1629 fluxit
750 1590 871 1629 etiam
886 1591 1124 1642 archetypus
1137 1605 1176 1631 m
1193 1593 1373 1632 codicum
1391 1596 1692 1634 recensionis

337 1648 736 1699 Lacapenianae
762 1652 802 1688 et
825 1651 1065 1690 familiae
1092 1665 1198 1690 cum
1223 1653 1314 1692 hac
1339 1656 1594 1705 cognatae
1620 1650 1691 1707 (cf.

335 1720 459 1758 supra
483 1721 520 1758 p.
546 1710 640 1748 124.
664 1704 782 1763 125),
808 1709 863 1748 Ut
889 1723 912 1748 a
931 1711 1064 1760 priore
1088 1711 1251 1750 initium
1270 1712 1475 1762 faciamus,
1494 1726 1514 1752 e
1533 1726 1583 1764 m,
1603 1726 1693 1764 pro-

336 1766 482 1818 pagine
514 1767 661 1806 codicis
692 1770 724 1816 i,
757 1768 830 1808 sub
856 1769 1018 1807 initium
1043 1783 1093 1808 sc.
1114 1770 1188 1808 XV
1198 1767 1230 1823 ¹)
1256 1771 1483 1811 scholarum
1507 1773 1550 1811 in
1574 1785 1691 1812 usum

337 1827 514 1878 eclogam
549 1827 645 1866 fecit
682 1827 936 1880 Georgius
975 1828 1288 1880 Lacapenus.
1340 1830 1442 1870 Sunt
1480 1833 1565 1870 264
1610 1832 1693 1882 epi·

337 1886 484 1934 stulae,
518 1899 685 1936 quarum
717 1888 837 1927 initia
867 1887 1018 1938 publici
1048 1889 1145 1927 iuris
1174 1890 1251 1928 feci
1274 1890 1316 1928 in
1342 1890 1692 1930 commentatione:

337 1945 397 1982 De
429 1945 586 1983 Libanii
618 1946 731 1984 libris
766 1959 960 1986 manuscr.
987 1947 1123 1998 Upsal.
1155 1950 1195 1987 et
1225 1948 1384 2000 Lincop.
1415 1951 1533 1999 lOsq.
1585 1948 1693 1988 Ordo

338 2003 497 2053 quidem
523 2007 718 2055 corporis,
745 2007 815 2056 qui
845 2006 909 2045 hic
933 2006 1018 2045 illic
1043 2008 1265 2058 dispicitur,
1293 2008 1344 2046 ad
1379 2009 1414 2045 V
1435 2021 1558 2059 prope
1583 2021 1690 2048 acce-

339 2063 418 2111 dit,
450 2063 519 2102 sed
552 2065 710 2114 saepius
736 2067 797 2104 est
821 2064 1045 2114 derelictus,
1076 2066 1170 2116 quia
1195 2069 1333 2106 auctor
1357 2067 1456 2106 nihil
1488 2068 1693 2118 antiquius

340 2121 483 2160 habuit
507 2122 584 2161 nisi
610 2125 656 2162 ut
687 2124 879 2174 epistulas
911 2125 962 2164 ad
992 2125 1334 2176 interpretandum
1359 2127 1424 2165 vel
1454 2127 1692 2166 imitandum

337 2181 501 2220 idoneas
539 2182 714 2233 eligeret.
766 2182 931 2234 Sylloga
968 2197 1164 2223 summam
1200 2187 1375 2224 omnium
1409 2186 1688 2225 auctoritatem

338 2243 461 2279 nacta
484 2241 667 2291 plurimis
694 2242 895 2281 codicibus
921 2242 973 2281 ad
991 2246 1167 2282 nostram
1187 2246 1360 2283 aetatem
1378 2251 1601 2296 propagata
1621 2246 1692 2284 est.

340 2299 533 2338 Nonnulli
559 2313 694 2339 eorum
720 2303 947 2340 etiamnunc
974 2302 1125 2341 scholia
1149 2303 1325 2342 trivialia
1349 2304 1565 2353 continent,
1591 2317 1692 2354 quac

402 2438 436 2481 1)
463 2436 573 2482 Sigfr.
593 2437 805 2479 Lindstam‚
838 2438 992 2484 Georgii
1023 2439 1209 2485 Lacapeni
1240 2440 1348 2486 epist
1375 2442 1407 2477 X
1438 2440 1580 2486 priores
1607 2451 1692 2476 eum

343 2482 589 2529 epimerismis
615 2485 751 2528 editae,
778 2485 955 2531 Upsaliae
983 2490 1074 2522 1910
1098 2499 1134 2532 p.
1147 2487 1196 2522 IX
1210 2499 1264 2532 sq.
