<?xml version="1.0" encoding="UTF-8"?>
<!DOCTYPE html PUBLIC "-//W3C//DTD XHTML 1.0 Transitional//EN"
    "http://www.w3.org/TR/xhtml1/DTD/xhtml1-transitional.dtd">
<html xmlns="http://www.w3.org/1999/xhtml" xml:lang="en" lang="en">
 <head>
  <title>
</title>
<meta http-equiv="Content-Type" content="text/html;charset=utf-8" />
  <meta name='ocr-system' content='tesseract 3.04.00' />
  <meta name='ocr-capabilities' content='ocr_page ocr_carea ocr_par ocr_line ocrx_word'/>
</head>
<body>
  <div class='ocr_page' id='page_1' title='image "./operarecensuitri09libauoft_0048.png"; bbox 0 0 1872 2924; ppageno 0'>
   <div class='ocr_carea' id='block_1_1' title="bbox 289 917 323 943">
    <p class='ocr_par' dir='ltr' id='par_1_1' title="bbox 289 917 323 943">
     <span class='ocr_line' id='line_1_1' title="bbox 289 917 323 943; baseline -0.029 0"><span class='ocrx_word' id='word_1_1' title='bbox 289 917 323 943; x_wconf 84' lang='lat'><em>10</em></span> 
     </span>
    </p>
   </div>
   <div class='ocr_carea' id='block_1_2' title="bbox 289 1243 322 1269">
    <p class='ocr_par' dir='ltr' id='par_1_2' title="bbox 289 1243 322 1269">
     <span class='ocr_line' id='line_1_2' title="bbox 289 1243 322 1269; baseline 0.03 -1"><span class='ocrx_word' id='word_1_2' title='bbox 289 1243 322 1269; x_wconf 75' lang='lat'><em>15</em></span> 
     </span>
    </p>
   </div>
   <div class='ocr_carea' id='block_1_3' title="bbox 345 224 1682 270">
    <p class='ocr_par' dir='ltr' id='par_1_3' title="bbox 345 224 1682 270">
     <span class='ocr_line' id='line_1_3' title="bbox 345 224 1682 270; baseline 0 -8"><span class='ocrx_word' id='word_1_3' title='bbox 345 228 403 270; x_wconf 88' lang='lat'><em>34</em></span> <span class='ocrx_word' id='word_1_4' title='bbox 446 227 627 263; x_wconf 75' lang='lat' dir='ltr'><strong>LIBANH</strong></span> <span class='ocrx_word' id='word_1_5' title='bbox 652 226 735 270; x_wconf 82' lang='lat' dir='ltr'><em>QUI</em></span> <span class='ocrx_word' id='word_1_6' title='bbox 758 226 1023 262; x_wconf 70' lang='lat' dir='ltr'>FERUNTUR</span> <span class='ocrx_word' id='word_1_7' title='bbox 1047 224 1393 263; x_wconf 77' lang='lat' dir='ltr'>CHARAOTERES</span> <span class='ocrx_word' id='word_1_8' title='bbox 1417 225 1682 270; x_wconf 66' lang='lat' dir='ltr'>EPIs‘mmcI</span> 
     </span>
    </p>
   </div>
   <div class='ocr_carea' id='block_1_4' title="bbox 340 310 1699 1407">
    <p class='ocr_par' dir='ltr' id='par_1_4' title="bbox 340 310 1699 1407">
     <span class='ocr_line' id='line_1_4' title="bbox 344 310 1697 368; baseline -0.001 -13"><span class='ocrx_word' id='word_1_9' title='bbox 344 315 468 368; x_wconf 85' lang='grc' dir='ltr'><em>μήτε</em></span> <span class='ocrx_word' id='word_1_10' title='bbox 487 314 740 367; x_wconf 86' lang='grc' dir='ltr'><em>ταπεινὴν</em></span> <span class='ocrx_word' id='word_1_11' title='bbox 759 313 909 365; x_wconf 78' lang='grc' dir='ltr'><em>ἄγαν,</em></span> <span class='ocrx_word' id='word_1_12' title='bbox 928 311 1056 353; x_wconf 80' lang='grc' dir='ltr'><em>ἀλλὰ</em></span> <span class='ocrx_word' id='word_1_13' title='bbox 1073 310 1235 366; x_wconf 83' lang='grc' dir='ltr'><strong><em>μέσην</em></strong></span> <span class='ocrx_word' id='word_1_14' title='bbox 1253 310 1382 353; x_wconf 81' lang='grc' dir='ltr'><em>τινά.</em></span> <span class='ocrx_word' id='word_1_15' title='bbox 1424 310 1494 353; x_wconf 89' lang='grc'><em>48.</em></span> <span class='ocrx_word' id='word_1_16' title='bbox 1514 318 1697 364; x_wconf 80' lang='grc' dir='ltr'><strong><em>κοσμεῖν</em></strong></span> 
     </span>
     <span class='ocr_line' id='line_1_5' title="bbox 346 375 1699 432; baseline -0.001 -13"><span class='ocrx_word' id='word_1_17' title='bbox 346 375 394 420; x_wconf 70' lang='grc' dir='ltr'><em>δὲ</em></span> <span class='ocrx_word' id='word_1_18' title='bbox 422 382 493 420; x_wconf 67' lang='grc' dir='ltr'><em>δεῖ</em></span> <span class='ocrx_word' id='word_1_19' title='bbox 515 379 595 432; x_wconf 87' lang='grc' dir='ltr'><em>τὴν</em></span> <span class='ocrx_word' id='word_1_20' title='bbox 621 377 855 431; x_wconf 85' lang='grc' dir='ltr'><em>ἐπιστολὴν</em></span> <span class='ocrx_word' id='word_1_21' title='bbox 881 378 1100 431; x_wconf 80' lang='grc' dir='ltr'><em>σαφηνείᾳ</em></span> <span class='ocrx_word' id='word_1_22' title='bbox 1119 391 1165 417; x_wconf 90' lang='grc' dir='ltr'><em>τε</em></span> <span class='ocrx_word' id='word_1_23' title='bbox 1184 376 1372 429; x_wconf 84' lang='grc' dir='ltr'><em>μάλιστα</em></span> <span class='ocrx_word' id='word_1_24' title='bbox 1389 375 1462 417; x_wconf 82' lang='grc' dir='ltr'><em>καὶ</em></span> <span class='ocrx_word' id='word_1_25' title='bbox 1483 379 1699 431; x_wconf 71' lang='grc' dir='ltr'><em>συντομία</em></span> 
     </span>
     <span class='ocr_line' id='line_1_6' title="bbox 344 439 1695 500; baseline -0.003 -15"><span class='ocrx_word' id='word_1_26' title='bbox 344 442 643 500; x_wconf 83' lang='grc' dir='ltr'><em>μεμετρημένῃ</em></span> <span class='ocrx_word' id='word_1_27' title='bbox 663 441 735 483; x_wconf 88' lang='grc' dir='ltr'><em>καὶ</em></span> <span class='ocrx_word' id='word_1_28' title='bbox 756 442 981 499; x_wconf 75' lang='grc' dir='ltr'><em>ἀρχαϊσμῷ</em></span> <span class='ocrx_word' id='word_1_29' title='bbox 1001 440 1173 491; x_wconf 78' lang='grc' dir='ltr'><strong><em>λέξεων.</em></strong></span> <span class='ocrx_word' id='word_1_30' title='bbox 1204 441 1463 495; x_wconf 82' lang='grc' dir='ltr'><em>σαφήνεια</em></span> <span class='ocrx_word' id='word_1_31' title='bbox 1477 444 1559 493; x_wconf 82' lang='grc' dir='ltr'><em>γὰρ</em></span> <span class='ocrx_word' id='word_1_32' title='bbox 1574 439 1695 493; x_wconf 80' lang='grc' dir='ltr'><em>ἀγα-</em></span> 
     </span>
     <span class='ocr_line' id='line_1_7' title="bbox 344 503 1692 563; baseline -0.002 -13"><span class='ocrx_word' id='word_1_33' title='bbox 344 510 412 563; x_wconf 81' lang='grc' dir='ltr'><em>θὴ</em></span> <span class='ocrx_word' id='word_1_34' title='bbox 447 507 541 563; x_wconf 80' lang='grc' dir='ltr'><em>μὲν</em></span> <span class='ocrx_word' id='word_1_35' title='bbox 575 507 780 562; x_wconf 77' lang='grc' dir='ltr'><em>ἡγεμὼν</em></span> <span class='ocrx_word' id='word_1_36' title='bbox 813 507 1006 556; x_wconf 88' lang='grc' dir='ltr'><em>παντὸς</em></span> <span class='ocrx_word' id='word_1_37' title='bbox 1038 507 1219 559; x_wconf 81' lang='grc' dir='ltr'><em>λόγου,</em></span> <span class='ocrx_word' id='word_1_38' title='bbox 1253 505 1475 559; x_wconf 78' lang='grc' dir='ltr'><em>μάλιστα</em></span> <span class='ocrx_word' id='word_1_39' title='bbox 1505 503 1560 547; x_wconf 72' lang='grc' dir='ltr'><em>δὲ</em></span> <span class='ocrx_word' id='word_1_40' title='bbox 1585 503 1692 548; x_wconf 77' lang='grc' dir='ltr'><em>ἐπι-</em></span> 
     </span>
     <span class='ocr_line' id='line_1_8' title="bbox 345 569 1695 628; baseline -0.003 -12"><span class='ocrx_word' id='word_1_41' title='bbox 345 576 542 628; x_wconf 80' lang='grc' dir='ltr'><strong><em>στολῆς.</em></strong></span> <span class='ocrx_word' id='word_1_42' title='bbox 582 572 654 614; x_wconf 87' lang='grc'><em>49.</em></span> <span class='ocrx_word' id='word_1_43' title='bbox 681 573 761 626; x_wconf 85' lang='grc' dir='ltr'><em>χρὴ</em></span> <span class='ocrx_word' id='word_1_44' title='bbox 787 570 938 624; x_wconf 89' lang='grc' dir='ltr'><em>μέντοι</em></span> <span class='ocrx_word' id='word_1_45' title='bbox 963 572 1069 624; x_wconf 85' lang='grc' dir='ltr'><em>μήτε</em></span> <span class='ocrx_word' id='word_1_46' title='bbox 1094 570 1309 626; x_wconf 77' lang='grc' dir='ltr'><em>συντομία</em></span> <span class='ocrx_word' id='word_1_47' title='bbox 1334 571 1582 624; x_wconf 83' lang='grc' dir='ltr'><em>σαφήνειαν</em></span> <span class='ocrx_word' id='word_1_48' title='bbox 1606 569 1695 612; x_wconf 83' lang='grc' dir='ltr'><em>δια-</em></span> 
     </span>
     <span class='ocr_line' id='line_1_9' title="bbox 344 633 1695 693; baseline -0.003 -13"><span class='ocrx_word' id='word_1_49' title='bbox 344 638 553 693; x_wconf 79' lang='grc' dir='ltr'><em>φθείρειν</em></span> <span class='ocrx_word' id='word_1_50' title='bbox 583 638 689 692; x_wconf 87' lang='grc' dir='ltr'><em>μήτε</em></span> <span class='ocrx_word' id='word_1_51' title='bbox 715 639 958 691; x_wconf 78' lang='grc' dir='ltr'><em>σαφηνείας</em></span> <span class='ocrx_word' id='word_1_52' title='bbox 988 636 1279 689; x_wconf 78' lang='grc' dir='ltr'><em>φροντίζοντα</em></span> <span class='ocrx_word' id='word_1_53' title='bbox 1311 637 1462 689; x_wconf 81' lang='grc' dir='ltr'><em>ληρεῖν</em></span> <span class='ocrx_word' id='word_1_54' title='bbox 1487 633 1695 690; x_wconf 79' lang='grc' dir='ltr'><strong><em>ἀμέτρως,</em></strong></span> 
     </span>
     <span class='ocr_line' id='line_1_10' title="bbox 343 698 1696 757; baseline -0.001 -13"><span class='ocrx_word' id='word_1_55' title='bbox 343 703 454 746; x_wconf 78' lang='grc' dir='ltr'><em>ἀλλὰ</em></span> <span class='ocrx_word' id='word_1_56' title='bbox 480 708 558 745; x_wconf 87' lang='grc' dir='ltr'><em>τοῦ</em></span> <span class='ocrx_word' id='word_1_57' title='bbox 585 701 836 757; x_wconf 79' lang='grc' dir='ltr'><em>συμμέτρου</em></span> <span class='ocrx_word' id='word_1_58' title='bbox 861 701 1148 756; x_wconf 81' lang='grc' dir='ltr'><em>στοχάζεσθαι</em></span> <span class='ocrx_word' id='word_1_59' title='bbox 1173 701 1277 749; x_wconf 90' lang='grc' dir='ltr'><em>τοὺς</em></span> <span class='ocrx_word' id='word_1_60' title='bbox 1303 698 1496 755; x_wconf 80' lang='grc' dir='ltr'><strong><em>ἀκριβεῖς</em></strong></span> <span class='ocrx_word' id='word_1_61' title='bbox 1518 699 1696 750; x_wconf 77' lang='grc' dir='ltr'><em>τοξότας</em></span> 
     </span>
     <span class='ocr_line' id='line_1_11' title="bbox 342 765 1695 823; baseline -0.003 -13"><span class='ocrx_word' id='word_1_62' title='bbox 342 768 630 823; x_wconf 86' lang='grc' dir='ltr'><em>μιμούμενον.</em></span> <span class='ocrx_word' id='word_1_63' title='bbox 675 767 819 819; x_wconf 80' lang='grc' dir='ltr'><em>ὥσπερ</em></span> <span class='ocrx_word' id='word_1_64' title='bbox 847 766 930 820; x_wconf 78' lang='grc' dir='ltr'><em>γὰρ</em></span> <span class='ocrx_word' id='word_1_65' title='bbox 957 765 1060 807; x_wconf 86' lang='grc' dir='ltr'><em>οὔτε</em></span> <span class='ocrx_word' id='word_1_66' title='bbox 1084 765 1134 807; x_wconf 89' lang='grc' dir='ltr'><em>τὸ</em></span> <span class='ocrx_word' id='word_1_67' title='bbox 1159 766 1275 806; x_wconf 85' lang='grc' dir='ltr'><em>πολὺ</em></span> <span class='ocrx_word' id='word_1_68' title='bbox 1299 765 1379 806; x_wconf 92' lang='grc' dir='ltr'><em>τὸν</em></span> <span class='ocrx_word' id='word_1_69' title='bbox 1403 765 1695 818; x_wconf 86' lang='grc' dir='ltr'><em>προκείμενον</em></span> 
     </span>
     <span class='ocr_line' id='line_1_12' title="bbox 343 827 1694 886; baseline -0.003 -12"><span class='ocrx_word' id='word_1_70' title='bbox 343 840 435 882; x_wconf 87' lang='grc' dir='ltr'><em>τοῖς</em></span> <span class='ocrx_word' id='word_1_71' title='bbox 469 833 666 883; x_wconf 83' lang='grc' dir='ltr'><em>τοξόταις</em></span> <span class='ocrx_word' id='word_1_72' title='bbox 701 832 869 874; x_wconf 87' lang='grc' dir='ltr'><em>σκοπὸν</em></span> <span class='ocrx_word' id='word_1_73' title='bbox 902 829 1200 886; x_wconf 74' lang='grc' dir='ltr'><em>παρέρχεσθαι</em></span> <span class='ocrx_word' id='word_1_74' title='bbox 1235 829 1338 871; x_wconf 78' lang='grc' dir='ltr'><em>οὔτε</em></span> <span class='ocrx_word' id='word_1_75' title='bbox 1370 829 1420 871; x_wconf 89' lang='grc' dir='ltr'><em>τὸ</em></span> <span class='ocrx_word' id='word_1_76' title='bbox 1455 827 1580 879; x_wconf 83' lang='grc' dir='ltr'><em>ἐντὸς</em></span> <span class='ocrx_word' id='word_1_77' title='bbox 1613 834 1694 871; x_wconf 91' lang='grc' dir='ltr'><em>τοῦ</em></span> 
     </span>
     <span class='ocr_line' id='line_1_13' title="bbox 345 892 1694 949; baseline -0.002 -9"><span class='ocrx_word' id='word_1_78' title='bbox 345 903 513 940; x_wconf 84' lang='grc' dir='ltr'><em>σκοποῦ</em></span> <span class='ocrx_word' id='word_1_79' title='bbox 539 896 735 947; x_wconf 85' lang='grc' dir='ltr'><em>τοξεύειν</em></span> <span class='ocrx_word' id='word_1_80' title='bbox 760 895 832 938; x_wconf 88' lang='grc' dir='ltr'><em>καὶ</em></span> <span class='ocrx_word' id='word_1_81' title='bbox 857 897 972 938; x_wconf 85' lang='grc' dir='ltr'><em>πολὺ</em></span> <span class='ocrx_word' id='word_1_82' title='bbox 997 900 1077 938; x_wconf 83' lang='grc' dir='ltr'><em>τοῦ</em></span> <span class='ocrx_word' id='word_1_83' title='bbox 1096 895 1395 949; x_wconf 76' lang='grc' dir='ltr'><em>προσήκοντος</em></span> <span class='ocrx_word' id='word_1_84' title='bbox 1414 892 1599 937; x_wconf 82' lang='grc' dir='ltr'><em>ἀποδεῖν</em></span> <span class='ocrx_word' id='word_1_85' title='bbox 1618 893 1694 937; x_wconf 84' lang='grc' dir='ltr'><em>ἀν-</em></span> 
     </span>
     <span class='ocr_line' id='line_1_14' title="bbox 345 958 1694 1017; baseline -0.003 -13"><span class='ocrx_word' id='word_1_86' title='bbox 345 964 448 1017; x_wconf 75' lang='grc' dir='ltr'><em>δρός</em></span> <span class='ocrx_word' id='word_1_87' title='bbox 473 961 594 1005; x_wconf 82' lang='grc' dir='ltr'><em>ἐστιν</em></span> <span class='ocrx_word' id='word_1_88' title='bbox 620 962 819 1016; x_wconf 82' lang='grc' dir='ltr'><em>εὐφυοῦς</em></span> <span class='ocrx_word' id='word_1_89' title='bbox 840 976 886 1002; x_wconf 90' lang='grc' dir='ltr'><em>τε</em></span> <span class='ocrx_word' id='word_1_90' title='bbox 905 959 979 1002; x_wconf 86' lang='grc' dir='ltr'><em>καὶ</em></span> <span class='ocrx_word' id='word_1_91' title='bbox 999 965 1302 1015; x_wconf 84' lang='grc' dir='ltr'><em>στοχαστικοῦ,</em></span> <span class='ocrx_word' id='word_1_92' title='bbox 1327 958 1437 1001; x_wconf 84' lang='grc' dir='ltr'><em>ἀλλὰ</em></span> <span class='ocrx_word' id='word_1_93' title='bbox 1456 959 1595 1011; x_wconf 90' lang='grc' dir='ltr'><em>μόνου</em></span> <span class='ocrx_word' id='word_1_94' title='bbox 1613 963 1694 1005; x_wconf 84' lang='grc' dir='ltr'><em>τοῦ</em></span> 
     </span>
     <span class='ocr_line' id='line_1_15' title="bbox 343 1022 1694 1083; baseline -0.004 -13"><span class='ocrx_word' id='word_1_95' title='bbox 343 1027 598 1083; x_wconf 82' lang='grc' dir='ltr'><em>συμμέτρως</em></span> <span class='ocrx_word' id='word_1_96' title='bbox 618 1025 938 1082; x_wconf 82' lang='grc' dir='ltr'><em>στοχαζομένου</em></span> <span class='ocrx_word' id='word_1_97' title='bbox 957 1030 1036 1067; x_wconf 87' lang='grc' dir='ltr'><em>τοῦ</em></span> <span class='ocrx_word' id='word_1_98' title='bbox 1057 1030 1227 1067; x_wconf 89' lang='grc' dir='ltr'><em>σκοποῦ</em></span> <span class='ocrx_word' id='word_1_99' title='bbox 1245 1022 1318 1066; x_wconf 77' lang='grc' dir='ltr'><em>καὶ</em></span> <span class='ocrx_word' id='word_1_100' title='bbox 1337 1029 1498 1066; x_wconf 88' lang='grc' dir='ltr'><em>τοῦτον</em></span> <span class='ocrx_word' id='word_1_101' title='bbox 1510 1024 1694 1078; x_wconf 82' lang='grc' dir='ltr'><em>βάλλον-</em></span> 
     </span>
     <span class='ocr_line' id='line_1_16' title="bbox 341 1080 1694 1146; baseline -0.004 -11"><span class='ocrx_word' id='word_1_102' title='bbox 341 1109 430 1146; x_wconf 88' lang='grc' dir='ltr'><em>τος,</em></span> <span class='ocrx_word' id='word_1_103' title='bbox 461 1092 603 1142; x_wconf 85' lang='grc' dir='ltr'><em>οὕτως</em></span> <span class='ocrx_word' id='word_1_104' title='bbox 634 1091 737 1134; x_wconf 84' lang='grc' dir='ltr'><em>οὔτε</em></span> <span class='ocrx_word' id='word_1_105' title='bbox 767 1092 817 1134; x_wconf 90' lang='grc' dir='ltr'><em>τὸ</em></span> <span class='ocrx_word' id='word_1_106' title='bbox 849 1089 959 1146; x_wconf 84' lang='grc' dir='ltr'><em>πέρα</em></span> <span class='ocrx_word' id='word_1_107' title='bbox 984 1094 1064 1132; x_wconf 86' lang='grc' dir='ltr'><em>τοῦ</em></span> <span class='ocrx_word' id='word_1_108' title='bbox 1089 1089 1392 1144; x_wconf 87' lang='grc' dir='ltr'><em>προσήκοντος</em></span> <span class='ocrx_word' id='word_1_109' title='bbox 1416 1092 1568 1143; x_wconf 81' lang='grc' dir='ltr'><em>ληρεῖν</em></span> <span class='ocrx_word' id='word_1_110' title='bbox 1593 1080 1694 1131; x_wconf 75' lang='grc' dir='ltr'><em>οὔτε</em></span> 
     </span>
     <span class='ocr_line' id='line_1_17' title="bbox 340 1149 1693 1213; baseline -0.004 -13"><span class='ocrx_word' id='word_1_111' title='bbox 340 1159 391 1200; x_wconf 88' lang='grc' dir='ltr'><em>τὸ</em></span> <span class='ocrx_word' id='word_1_112' title='bbox 425 1159 728 1213; x_wconf 77' lang='grc' dir='ltr'><em>βραχυλογίαν</em></span> <span class='ocrx_word' id='word_1_113' title='bbox 758 1155 1029 1207; x_wconf 79' lang='grc' dir='ltr'><em>ἀσπάζεσθαι</em></span> <span class='ocrx_word' id='word_1_114' title='bbox 1063 1152 1121 1196; x_wconf 80' lang='grc' dir='ltr'><em>δι’</em></span> <span class='ocrx_word' id='word_1_115' title='bbox 1152 1153 1343 1210; x_wconf 80' lang='grc' dir='ltr'><em>ἀπορίαν</em></span> <span class='ocrx_word' id='word_1_116' title='bbox 1376 1154 1450 1196; x_wconf 81' lang='grc' dir='ltr'><em>καὶ</em></span> <span class='ocrx_word' id='word_1_117' title='bbox 1480 1154 1530 1196; x_wconf 90' lang='grc' dir='ltr'><em>τὸ</em></span> <span class='ocrx_word' id='word_1_118' title='bbox 1556 1149 1693 1207; x_wconf 75' lang='grc' dir='ltr'><em>σαφὲς</em></span> 
     </span>
     <span class='ocr_line' id='line_1_18' title="bbox 342 1217 1693 1278; baseline -0.004 -13"><span class='ocrx_word' id='word_1_119' title='bbox 342 1222 625 1278; x_wconf 81' lang='grc' dir='ltr'><em>ἐπικρύπτειν</em></span> <span class='ocrx_word' id='word_1_120' title='bbox 649 1229 739 1264; x_wconf 85' lang='grc' dir='ltr'><em>τῶν</em></span> <span class='ocrx_word' id='word_1_121' title='bbox 764 1220 1061 1264; x_wconf 84' lang='grc' dir='ltr'><em>ἐπιστάλσεων</em></span> <span class='ocrx_word' id='word_1_122' title='bbox 1086 1218 1247 1274; x_wconf 78' lang='grc' dir='ltr'><em>ἀνδρός</em></span> <span class='ocrx_word' id='word_1_123' title='bbox 1273 1218 1365 1261; x_wconf 81' lang='grc' dir='ltr'><em>ἐστι</em></span> <span class='ocrx_word' id='word_1_124' title='bbox 1390 1220 1563 1273; x_wconf 74' lang='grc' dir='ltr'><em>λογίου,</em></span> <span class='ocrx_word' id='word_1_125' title='bbox 1583 1217 1693 1260; x_wconf 84' lang='grc' dir='ltr'><em>ἀλλὰ</em></span> 
     </span>
     <span class='ocr_line' id='line_1_19' title="bbox 340 1281 1692 1343; baseline -0.004 -12"><span class='ocrx_word' id='word_1_126' title='bbox 340 1289 480 1343; x_wconf 89' lang='grc' dir='ltr'><em>μόνου</em></span> <span class='ocrx_word' id='word_1_127' title='bbox 500 1293 579 1330; x_wconf 92' lang='grc' dir='ltr'><em>τοῦ</em></span> <span class='ocrx_word' id='word_1_128' title='bbox 599 1285 689 1341; x_wconf 84' lang='grc' dir='ltr'><em>μετ’</em></span> <span class='ocrx_word' id='word_1_129' title='bbox 706 1286 973 1342; x_wconf 83' lang='grc' dir='ltr'><em>εὐφραδείας</em></span> <span class='ocrx_word' id='word_1_130' title='bbox 992 1291 1068 1339; x_wconf 83' lang='grc' dir='ltr'><em>τῆς</em></span> <span class='ocrx_word' id='word_1_131' title='bbox 1089 1284 1354 1338; x_wconf 84' lang='grc' dir='ltr'><em>συμμετρίας</em></span> <span class='ocrx_word' id='word_1_132' title='bbox 1373 1281 1692 1338; x_wconf 83' lang='grc' dir='ltr'><em>στοχαζομένου</em></span> 
     </span>
     <span class='ocr_line' id='line_1_20' title="bbox 341 1344 1693 1407; baseline -0.005 -11"><span class='ocrx_word' id='word_1_133' title='bbox 341 1354 412 1396; x_wconf 83' lang='grc' dir='ltr'><em>καὶ</em></span> <span class='ocrx_word' id='word_1_134' title='bbox 444 1354 493 1396; x_wconf 93' lang='grc' dir='ltr'><em>τὸ</em></span> <span class='ocrx_word' id='word_1_135' title='bbox 525 1353 766 1407; x_wconf 85' lang='grc' dir='ltr'><em>λεγόμενον</em></span> <span class='ocrx_word' id='word_1_136' title='bbox 790 1353 934 1400; x_wconf 81' lang='grc' dir='ltr'><em>καλῶς</em></span> <span class='ocrx_word' id='word_1_137' title='bbox 959 1350 1289 1405; x_wconf 82' lang='grc' dir='ltr'><em>σαφηνίζοντος.</em></span> <span class='ocrx_word' id='word_1_138' title='bbox 1332 1348 1402 1390; x_wconf 83' lang='grc'><em>50.</em></span> <span class='ocrx_word' id='word_1_139' title='bbox 1427 1348 1477 1391; x_wconf 90' lang='grc' dir='ltr'><em>τὸ</em></span> <span class='ocrx_word' id='word_1_140' title='bbox 1502 1347 1585 1402; x_wconf 78' lang='grc' dir='ltr'><em>μὲν</em></span> <span class='ocrx_word' id='word_1_141' title='bbox 1609 1344 1693 1390; x_wconf 85' lang='grc' dir='ltr'><em>οὖν</em></span> 
     </span>
    </p>
   </div>
   <div class='ocr_carea' id='block_1_5' title="bbox 340 1453 1692 1598">
    <p class='ocr_par' dir='ltr' id='par_1_5' title="bbox 340 1453 1692 1598">
     <span class='ocr_line' id='line_1_21' title="bbox 402 1453 1692 1504; baseline -0.006 -10"><span class='ocrx_word' id='word_1_142' title='bbox 402 1463 419 1493; x_wconf 88' lang='lat'>1</span> <span class='ocrx_word' id='word_1_143' title='bbox 449 1470 502 1504; x_wconf 82' lang='lat' dir='ltr'><em>sq.</em></span> <span class='ocrx_word' id='word_1_144' title='bbox 522 1457 654 1493; x_wconf 85' lang='lat' dir='ltr'>Liban.</span> <span class='ocrx_word' id='word_1_145' title='bbox 675 1468 730 1503; x_wconf 83' lang='lat' dir='ltr'><em>ep.</em></span> <span class='ocrx_word' id='word_1_146' title='bbox 753 1460 822 1491; x_wconf 81' lang='lat'><em>606</em></span> <span class='ocrx_word' id='word_1_147' title='bbox 842 1455 887 1500; x_wconf 86' lang='lat' dir='ltr'><em>(x</em></span> <span class='ocrx_word' id='word_1_148' title='bbox 909 1459 988 1500; x_wconf 80' lang='lat'><strong>563,</strong></span> <span class='ocrx_word' id='word_1_149' title='bbox 1010 1459 1030 1490; x_wconf 86' lang='lat'>9</span> <span class='ocrx_word' id='word_1_150' title='bbox 1051 1455 1119 1499; x_wconf 79' lang='lat' dir='ltr'>sq.)</span> <span class='ocrx_word' id='word_1_151' title='bbox 1158 1457 1226 1488; x_wconf 80' lang='lat'><em>716</em></span> <span class='ocrx_word' id='word_1_152' title='bbox 1245 1453 1291 1498; x_wconf 84' lang='lat' dir='ltr'><em>(x</em></span> <span class='ocrx_word' id='word_1_153' title='bbox 1311 1456 1392 1497; x_wconf 80' lang='lat'>645,</span> <span class='ocrx_word' id='word_1_154' title='bbox 1410 1455 1572 1494; x_wconf 58' lang='grc' dir='ltr'><em>ιιι-19).</em></span> <span class='ocrx_word' id='word_1_155' title='bbox 1601 1454 1692 1487; x_wconf 84' lang='lat'><strong>1034</strong></span> 
     </span>
     <span class='ocr_line' id='line_1_22' title="bbox 340 1499 1691 1551; baseline -0.005 -10"><span class='ocrx_word' id='word_1_156' title='bbox 340 1506 404 1551; x_wconf 90' lang='lat' dir='ltr'><em>(XI</em></span> <span class='ocrx_word' id='word_1_157' title='bbox 425 1510 504 1548; x_wconf 68' lang='lat'><em>159,</em></span> <span class='ocrx_word' id='word_1_158' title='bbox 526 1507 583 1550; x_wconf 87' lang='lat'><em>11)</em></span> <span class='ocrx_word' id='word_1_159' title='bbox 681 1509 701 1540; x_wconf 83' lang='grc'>3</span> <span class='ocrx_word' id='word_1_160' title='bbox 728 1516 807 1549; x_wconf 73' lang='lat' dir='ltr'>sqq.</span> <span class='ocrx_word' id='word_1_161' title='bbox 828 1503 1003 1538; x_wconf 76' lang='lat' dir='ltr'>Philostr.</span> <span class='ocrx_word' id='word_1_162' title='bbox 1022 1502 1047 1538; x_wconf 88' lang='lat'><em>1.</em></span> <span class='ocrx_word' id='word_1_163' title='bbox 1067 1502 1092 1537; x_wconf 92' lang='lat'><em>1.</em></span> <span class='ocrx_word' id='word_1_164' title='bbox 1111 1505 1194 1544; x_wconf 77' lang='lat'><strong>258,</strong></span> <span class='ocrx_word' id='word_1_165' title='bbox 1215 1504 1258 1536; x_wconf 82' lang='lat'><em>21</em></span> <span class='ocrx_word' id='word_1_166' title='bbox 1357 1504 1378 1536; x_wconf 91' lang='lat'>8</span> <span class='ocrx_word' id='word_1_167' title='bbox 1400 1499 1508 1546; x_wconf 86' lang='lat' dir='ltr'><strong>Greg.</strong></span> <span class='ocrx_word' id='word_1_168' title='bbox 1528 1499 1619 1535; x_wconf 68' lang='grc' dir='ltr'><em>ΝΜ.</em></span> <span class='ocrx_word' id='word_1_169' title='bbox 1633 1510 1691 1544; x_wconf 80' lang='lat' dir='ltr'><em>op.</em></span> 
     </span>
     <span class='ocr_line' id='line_1_23' title="bbox 340 1552 824 1598; baseline -0.006 -9"><span class='ocrx_word' id='word_1_170' title='bbox 340 1558 396 1589; x_wconf 81' lang='lat'><em>51.</em></span> <span class='ocrx_word' id='word_1_171' title='bbox 422 1554 509 1589; x_wconf 81' lang='lat' dir='ltr'><strong>Luc.</strong></span> <span class='ocrx_word' id='word_1_172' title='bbox 530 1552 634 1598; x_wconf 87' lang='lat' dir='ltr'>Nigr.</span> <span class='ocrx_word' id='word_1_173' title='bbox 657 1556 702 1587; x_wconf 80' lang='lat'><em>36</em></span> <span class='ocrx_word' id='word_1_174' title='bbox 722 1553 761 1587; x_wconf 71' lang='lat' dir='ltr'><em>et</em></span> <span class='ocrx_word' id='word_1_175' title='bbox 780 1555 824 1586; x_wconf 77' lang='lat'><em>37</em></span> 
     </span>
    </p>
   </div>
   <div class='ocr_carea' id='block_1_6' title="bbox 337 1642 1693 1978">
    <p class='ocr_par' dir='ltr' id='par_1_6' title="bbox 338 1642 1693 1742">
     <span class='ocr_line' id='line_1_24' title="bbox 401 1642 1690 1692; baseline -0.007 -8"><span class='ocrx_word' id='word_1_176' title='bbox 401 1654 417 1684; x_wconf 93' lang='lat'><strong>1</strong></span> <span class='ocrx_word' id='word_1_177' title='bbox 447 1649 539 1684; x_wconf 84' lang='grc' dir='ltr'><em>ἄλλα</em></span> <span class='ocrx_word' id='word_1_178' title='bbox 563 1649 623 1684; x_wconf 85' lang='grc' dir='ltr'><em>Ρα</em></span> <span class='ocrx_word' id='word_1_179' title='bbox 671 1646 757 1683; x_wconf 80' lang='grc' dir='ltr'><em>τινὰ</em></span> <span class='ocrx_word' id='word_1_180' title='bbox 781 1652 932 1692; x_wconf 79' lang='grc' dir='ltr'><em>κοσμεῖν</em></span> <span class='ocrx_word' id='word_1_181' title='bbox 957 1645 1032 1681; x_wconf 83' lang='lat' dir='ltr'><em>Hin</em></span> <span class='ocrx_word' id='word_1_182' title='bbox 1130 1648 1150 1679; x_wconf 85' lang='lat'>2</span> <span class='ocrx_word' id='word_1_183' title='bbox 1178 1645 1218 1680; x_wconf 79' lang='grc' dir='ltr'><em>δὲ</em></span> <span class='ocrx_word' id='word_1_184' title='bbox 1244 1655 1304 1679; x_wconf 88' lang='lat' dir='ltr'><em>om</em></span> <span class='ocrx_word' id='word_1_185' title='bbox 1337 1643 1407 1679; x_wconf 86' lang='lat' dir='ltr'><em>VU</em></span> <span class='ocrx_word' id='word_1_186' title='bbox 1423 1642 1498 1677; x_wconf 85' lang='lat' dir='ltr'><em>Hiu</em></span> <span class='ocrx_word' id='word_1_187' title='bbox 1547 1643 1607 1677; x_wconf 83' lang='grc' dir='ltr'><em>δεῖ</em></span> <span class='ocrx_word' id='word_1_188' title='bbox 1629 1651 1690 1676; x_wconf 90' lang='lat' dir='ltr'><em>om</em></span> 
     </span>
     <span class='ocr_line' id='line_1_25' title="bbox 338 1688 1693 1742; baseline -0.007 -9"><span class='ocrx_word' id='word_1_189' title='bbox 338 1698 435 1733; x_wconf 89' lang='lat' dir='ltr'><em>PaB</em></span> <span class='ocrx_word' id='word_1_190' title='bbox 449 1708 495 1742; x_wconf 84' lang='lat' dir='ltr'><em>pr</em></span> <span class='ocrx_word' id='word_1_191' title='bbox 508 1696 589 1732; x_wconf 84' lang='lat' dir='ltr'><em>Mor</em></span> <span class='ocrx_word' id='word_1_192' title='bbox 636 1694 792 1740; x_wconf 81' lang='grc' dir='ltr'><em>μάλιστα</em></span> <span class='ocrx_word' id='word_1_193' title='bbox 816 1694 903 1739; x_wconf 75' lang='lat' dir='ltr'><strong>post</strong></span> <span class='ocrx_word' id='word_1_194' title='bbox 924 1694 985 1729; x_wconf 81' lang='grc' dir='ltr'><em>δεῖ</em></span> <span class='ocrx_word' id='word_1_195' title='bbox 1003 1693 1083 1729; x_wconf 89' lang='lat' dir='ltr'><em>PH</em></span> <span class='ocrx_word' id='word_1_196' title='bbox 1126 1691 1192 1733; x_wconf 82' lang='grc' dir='ltr'><em>τὰς</em></span> <span class='ocrx_word' id='word_1_197' title='bbox 1213 1689 1405 1730; x_wconf 78' lang='grc' dir='ltr'><em>ἐπιστολὰς</em></span> <span class='ocrx_word' id='word_1_198' title='bbox 1425 1690 1500 1726; x_wconf 88' lang='grc' dir='ltr'><em>ΡΗ</em></span> <span class='ocrx_word' id='word_1_199' title='bbox 1515 1689 1602 1724; x_wconf 80' lang='lat' dir='ltr'><em>Wes</em></span> <span class='ocrx_word' id='word_1_200' title='bbox 1617 1688 1693 1724; x_wconf 80' lang='lat' dir='ltr'><em>Her</em></span> 
     </span>
    </p>

    <p class='ocr_par' dir='ltr' id='par_1_7' title="bbox 337 1736 1693 1978">
     <span class='ocr_line' id='line_1_26' title="bbox 400 1736 1691 1789; baseline -0.007 -9"><span class='ocrx_word' id='word_1_201' title='bbox 400 1742 608 1789; x_wconf 78' lang='grc' dir='ltr'><em>σαφηνείας</em></span> <span class='ocrx_word' id='word_1_202' title='bbox 633 1743 668 1779; x_wconf 92' lang='lat' dir='ltr'><strong><em>U</em></strong></span> <span class='ocrx_word' id='word_1_203' title='bbox 713 1742 869 1788; x_wconf 81' lang='grc' dir='ltr'><em>μάλιστα</em></span> <span class='ocrx_word' id='word_1_204' title='bbox 888 1752 949 1777; x_wconf 87' lang='lat' dir='ltr'><em>om</em></span> <span class='ocrx_word' id='word_1_205' title='bbox 976 1740 1093 1777; x_wconf 86' lang='lat' dir='ltr'>VHin</span> <span class='ocrx_word' id='word_1_206' title='bbox 1148 1743 1170 1775; x_wconf 82' lang='lat'><strong>3</strong></span> <span class='ocrx_word' id='word_1_207' title='bbox 1190 1737 1463 1784; x_wconf 76' lang='grc' dir='ltr'><em>μεμετρημένην</em></span> <span class='ocrx_word' id='word_1_208' title='bbox 1490 1736 1606 1774; x_wconf 86' lang='lat' dir='ltr'><strong>VHin</strong></span> <span class='ocrx_word' id='word_1_209' title='bbox 1630 1748 1691 1782; x_wconf 88' lang='grc' dir='ltr'><em>με·</em></span> 
     </span>
     <span class='ocr_line' id='line_1_27' title="bbox 340 1783 1693 1837; baseline -0.007 -10"><span class='ocrx_word' id='word_1_210' title='bbox 340 1791 560 1837; x_wconf 83' lang='grc' dir='ltr'><em>μετριμένην</em></span> <span class='ocrx_word' id='word_1_211' title='bbox 592 1791 628 1827; x_wconf 89' lang='lat' dir='ltr'><em>U</em></span> <span class='ocrx_word' id='word_1_212' title='bbox 689 1790 754 1825; x_wconf 77' lang='grc' dir='ltr'><em>καὶ</em></span> <span class='ocrx_word' id='word_1_213' title='bbox 792 1790 985 1835; x_wconf 76' lang='grc' dir='ltr'><em>ἀρχαισμῷ</em></span> <span class='ocrx_word' id='word_1_214' title='bbox 1017 1786 1150 1830; x_wconf 78' lang='grc' dir='ltr'><em>λέξεων</em></span> <span class='ocrx_word' id='word_1_215' title='bbox 1187 1785 1330 1822; x_wconf 73' lang='lat' dir='ltr'><strong>cancell</strong></span> <span class='ocrx_word' id='word_1_216' title='bbox 1367 1785 1443 1820; x_wconf 88' lang='lat' dir='ltr'><em>Hin</em></span> <span class='ocrx_word' id='word_1_217' title='bbox 1511 1783 1693 1828; x_wconf 78' lang='grc' dir='ltr'><em>προσήκει</em></span> 
     </span>
     <span class='ocr_line' id='line_1_28' title="bbox 338 1831 1692 1885; baseline -0.007 -10"><span class='ocrx_word' id='word_1_218' title='bbox 338 1842 426 1885; x_wconf 78' lang='lat' dir='ltr'><strong>post</strong></span> <span class='ocrx_word' id='word_1_219' title='bbox 448 1839 582 1881; x_wconf 78' lang='grc' dir='ltr'><em>λέξεων</em></span> <span class='ocrx_word' id='word_1_220' title='bbox 607 1836 734 1883; x_wconf 79' lang='grc' dir='ltr'><em>(λέξων</em></span> <span class='ocrx_word' id='word_1_221' title='bbox 761 1837 810 1883; x_wconf 89' lang='lat' dir='ltr'><em>U)</em></span> <span class='ocrx_word' id='word_1_222' title='bbox 842 1837 970 1873; x_wconf 85' lang='lat' dir='ltr'><em>UPaB</em></span> <span class='ocrx_word' id='word_1_223' title='bbox 991 1847 1036 1881; x_wconf 86' lang='lat' dir='ltr'><em>pr</em></span> <span class='ocrx_word' id='word_1_224' title='bbox 1058 1831 1136 1870; x_wconf 64' lang='lat' dir='ltr'><em>Mo}</em></span> <span class='ocrx_word' id='word_1_225' title='bbox 1184 1834 1251 1880; x_wconf 79' lang='grc' dir='ltr'><em>μὲν</em></span> <span class='ocrx_word' id='word_1_226' title='bbox 1277 1835 1364 1868; x_wconf 80' lang='lat' dir='ltr'><strong>ante</strong></span> <span class='ocrx_word' id='word_1_227' title='bbox 1389 1833 1460 1877; x_wconf 82' lang='grc' dir='ltr'><em>γὰρ</em></span> <span class='ocrx_word' id='word_1_228' title='bbox 1479 1832 1562 1867; x_wconf 88' lang='grc' dir='ltr'><em>ΡΗ</em></span> <span class='ocrx_word' id='word_1_229' title='bbox 1604 1831 1692 1876; x_wconf 80' lang='grc' dir='ltr'><em>ἀλη-</em></span> 
     </span>
     <span class='ocr_line' id='line_1_29' title="bbox 337 1878 1643 1932; baseline -0.007 -10"><span class='ocrx_word' id='word_1_230' title='bbox 337 1887 413 1932; x_wconf 82' lang='grc' dir='ltr'><em>θὴς</em></span> <span class='ocrx_word' id='word_1_231' title='bbox 436 1889 523 1932; x_wconf 78' lang='lat' dir='ltr'>post</span> <span class='ocrx_word' id='word_1_232' title='bbox 546 1885 617 1930; x_wconf 82' lang='grc' dir='ltr'><em>γὰρ</em></span> <span class='ocrx_word' id='word_1_233' title='bbox 637 1885 714 1921; x_wconf 84' lang='grc' dir='ltr'><em>ΡΗ</em></span> <span class='ocrx_word' id='word_1_234' title='bbox 726 1885 815 1920; x_wconf 79' lang='lat' dir='ltr'><em>Wes</em></span> <span class='ocrx_word' id='word_1_235' title='bbox 827 1883 905 1919; x_wconf 83' lang='lat' dir='ltr'><em>Her</em></span> <span class='ocrx_word' id='word_1_236' title='bbox 1000 1886 1023 1917; x_wconf 85' lang='lat'>4</span> <span class='ocrx_word' id='word_1_237' title='bbox 1048 1880 1160 1928; x_wconf 79' lang='grc' dir='ltr'><em>λόγου</em></span> <span class='ocrx_word' id='word_1_238' title='bbox 1184 1881 1325 1922; x_wconf 83' lang='grc' dir='ltr'><em>παντὸς</em></span> <span class='ocrx_word' id='word_1_239' title='bbox 1350 1879 1479 1916; x_wconf 85' lang='lat' dir='ltr'><strong><em>UPaB</em></strong></span> <span class='ocrx_word' id='word_1_240' title='bbox 1498 1890 1543 1924; x_wconf 81' lang='lat' dir='ltr'><em>pr</em></span> <span class='ocrx_word' id='word_1_241' title='bbox 1562 1878 1643 1914; x_wconf 86' lang='lat' dir='ltr'><em>Mor</em></span> 
     </span>
     <span class='ocr_line' id='line_1_30' title="bbox 339 1925 1691 1978; baseline -0.007 -8"><span class='ocrx_word' id='word_1_242' title='bbox 339 1934 510 1978; x_wconf 80' lang='grc' dir='ltr'><em>ἐπιστολή</em></span> <span class='ocrx_word' id='word_1_243' title='bbox 535 1933 570 1969; x_wconf 92' lang='lat' dir='ltr'><em>U</em></span> <span class='ocrx_word' id='word_1_244' title='bbox 597 1934 798 1969; x_wconf 77' lang='grc' dir='ltr'><em>ἐπιστολῶν</em></span> <span class='ocrx_word' id='word_1_245' title='bbox 817 1933 914 1968; x_wconf 84' lang='lat' dir='ltr'><em>PaB</em></span> <span class='ocrx_word' id='word_1_246' title='bbox 933 1931 1015 1966; x_wconf 86' lang='lat' dir='ltr'><em>Mor</em></span> <span class='ocrx_word' id='word_1_247' title='bbox 1110 1933 1131 1964; x_wconf 78' lang='grc' dir='ltr'>ὅ</span> <span class='ocrx_word' id='word_1_248' title='bbox 1157 1927 1360 1973; x_wconf 77' lang='grc' dir='ltr'><em>συντομίαν</em></span> <span class='ocrx_word' id='word_1_249' title='bbox 1390 1926 1455 1963; x_wconf 82' lang='grc' dir='ltr'><em>διὰ</em></span> <span class='ocrx_word' id='word_1_250' title='bbox 1480 1925 1691 1971; x_wconf 80' lang='grc' dir='ltr'><em>σαφήνειαν</em></span> 
     </span>
    </p>
   </div>
   <div class='ocr_carea' id='block_1_7' title="bbox 338 1975 1696 2075">
    <p class='ocr_par' dir='ltr' id='par_1_8' title="bbox 338 1975 1696 2075">
     <span class='ocr_line' id='line_1_31' title="bbox 338 1975 1690 2026; baseline -0.007 -8"><span class='ocrx_word' id='word_1_251' title='bbox 338 1983 418 2018; x_wconf 87' lang='grc' dir='ltr'><em>ΡΗ</em></span> <span class='ocrx_word' id='word_1_252' title='bbox 435 1980 648 2026; x_wconf 74' lang='grc' dir='ltr'><em>σαφήνειαν</em></span> <span class='ocrx_word' id='word_1_253' title='bbox 666 1979 731 2015; x_wconf 82' lang='grc' dir='ltr'><em>διὰ</em></span> <span class='ocrx_word' id='word_1_254' title='bbox 751 1978 955 2022; x_wconf 81' lang='grc' dir='ltr'><em>συντομίαν</em></span> <span class='ocrx_word' id='word_1_255' title='bbox 976 1978 1119 2023; x_wconf 78' lang='lat' dir='ltr'>Kayser</span> <span class='ocrx_word' id='word_1_256' title='bbox 1216 1979 1235 2011; x_wconf 79' lang='grc'><strong>7</strong></span> <span class='ocrx_word' id='word_1_257' title='bbox 1262 1976 1375 2022; x_wconf 80' lang='grc' dir='ltr'><em>ἀκριβ</em></span> <span class='ocrx_word' id='word_1_258' title='bbox 1388 2002 1396 2010; x_wconf 96' lang='grc'><strong>.</strong></span> <span class='ocrx_word' id='word_1_259' title='bbox 1412 2002 1420 2010; x_wconf 92' lang='grc'><strong>.</strong></span> <span class='ocrx_word' id='word_1_260' title='bbox 1436 2002 1443 2009; x_wconf 93' lang='grc'><strong>.</strong></span> <span class='ocrx_word' id='word_1_261' title='bbox 1465 1975 1499 2010; x_wconf 91' lang='lat' dir='ltr'><strong><em>V</em></strong></span> <span class='ocrx_word' id='word_1_262' title='bbox 1591 1976 1613 2003; x_wconf 71' lang='lat' dir='ltr'>R</span> <span class='ocrx_word' id='word_1_263' title='bbox 1632 1985 1690 2016; x_wconf 89' lang='grc' dir='ltr'><em>μι-</em></span> 
     </span>
     <span class='ocr_line' id='line_1_32' title="bbox 339 2019 1696 2075; baseline -0.007 -10"><span class='ocrx_word' id='word_1_264' title='bbox 339 2029 518 2075; x_wconf 82' lang='grc' dir='ltr'><em>μούμενοι</em></span> <span class='ocrx_word' id='word_1_265' title='bbox 541 2028 630 2063; x_wconf 79' lang='lat' dir='ltr'>libri</span> <span class='ocrx_word' id='word_1_266' title='bbox 654 2039 701 2073; x_wconf 85' lang='lat' dir='ltr'><em>pr</em></span> <span class='ocrx_word' id='word_1_267' title='bbox 718 2026 967 2073; x_wconf 79' lang='grc' dir='ltr'><em>μιμουμένους</em></span> <span class='ocrx_word' id='word_1_268' title='bbox 980 2026 1062 2061; x_wconf 86' lang='lat' dir='ltr'><em>Mor</em></span> <span class='ocrx_word' id='word_1_269' title='bbox 1075 2035 1157 2060; x_wconf 85' lang='lat' dir='ltr'>corr</span> <span class='ocrx_word' id='word_1_270' title='bbox 1169 2023 1258 2059; x_wconf 82' lang='lat' dir='ltr'><em>Wes</em></span> <span class='ocrx_word' id='word_1_271' title='bbox 1271 2023 1346 2058; x_wconf 87' lang='lat' dir='ltr'><em>Hin</em></span> <span class='ocrx_word' id='word_1_272' title='bbox 1393 2019 1435 2057; x_wconf 80' lang='grc' dir='ltr'><em>τὸ</em></span> <span class='ocrx_word' id='word_1_273' title='bbox 1455 2032 1516 2056; x_wconf 91' lang='lat' dir='ltr'><em>om</em></span> <span class='ocrx_word' id='word_1_274' title='bbox 1543 2019 1696 2057; x_wconf 88' lang='lat' dir='ltr'><strong><em>VUPH</em></strong></span> 
     </span>
    </p>
   </div>
   <div class='ocr_carea' id='block_1_8' title="bbox 334 2067 1691 2501">
    <p class='ocr_par' dir='ltr' id='par_1_9' title="bbox 337 2067 1691 2311">
     <span class='ocr_line' id='line_1_33' title="bbox 398 2067 1691 2120; baseline -0.008 -9"><span class='ocrx_word' id='word_1_275' title='bbox 398 2077 517 2112; x_wconf 81' lang='grc' dir='ltr'><em>πολὺν</em></span> <span class='ocrx_word' id='word_1_276' title='bbox 542 2076 623 2112; x_wconf 88' lang='grc' dir='ltr'><em>ΡΗ</em></span> <span class='ocrx_word' id='word_1_277' title='bbox 715 2079 735 2108; x_wconf 79' lang='grc'>9</span> <span class='ocrx_word' id='word_1_278' title='bbox 760 2073 1038 2120; x_wconf 73' lang='grc' dir='ltr'><em>παρενέχεσθαι</em></span> <span class='ocrx_word' id='word_1_279' title='bbox 1062 2073 1143 2108; x_wconf 89' lang='grc' dir='ltr'><em>ΡΗ</em></span> <span class='ocrx_word' id='word_1_280' title='bbox 1164 2067 1462 2116; x_wconf 72' lang='grc' dir='ltr'><em>παρενεγκέσθαι</em></span> <span class='ocrx_word' id='word_1_281' title='bbox 1482 2067 1566 2103; x_wconf 88' lang='lat' dir='ltr'>coni</span> <span class='ocrx_word' id='word_1_282' title='bbox 1585 2067 1691 2103; x_wconf 73' lang='lat' dir='ltr'>Bois-</span> 
     </span>
     <span class='ocr_line' id='line_1_34' title="bbox 338 2114 1689 2167; baseline -0.007 -8"><span class='ocrx_word' id='word_1_283' title='bbox 338 2124 516 2159; x_wconf 78' lang='lat' dir='ltr'><strong>sonadius</strong></span> <span class='ocrx_word' id='word_1_284' title='bbox 531 2122 705 2158; x_wconf 63' lang='lat' dir='ltr'><strong>Philosssr.</strong></span> <span class='ocrx_word' id='word_1_285' title='bbox 715 2134 788 2167; x_wconf 88' lang='lat' dir='ltr'><em>epp</em></span> <span class='ocrx_word' id='word_1_286' title='bbox 806 2134 842 2167; x_wconf 91' lang='lat' dir='ltr'><em>p.</em></span> <span class='ocrx_word' id='word_1_287' title='bbox 853 2126 897 2156; x_wconf 81' lang='lat'><em>53</em></span> <span class='ocrx_word' id='word_1_288' title='bbox 947 2121 989 2157; x_wconf 87' lang='grc' dir='ltr'><em>τὸ</em></span> <span class='ocrx_word' id='word_1_289' title='bbox 1003 2119 1119 2166; x_wconf 84' lang='grc' dir='ltr'><em>ἐντὸς]</em></span> <span class='ocrx_word' id='word_1_290' title='bbox 1131 2117 1197 2154; x_wconf 85' lang='grc' dir='ltr'><em>τὸν</em></span> <span class='ocrx_word' id='word_1_291' title='bbox 1211 2116 1348 2154; x_wconf 82' lang='grc' dir='ltr'><em>ἀνέντα</em></span> <span class='ocrx_word' id='word_1_292' title='bbox 1363 2117 1438 2153; x_wconf 84' lang='grc' dir='ltr'><em>ΡΗ</em></span> <span class='ocrx_word' id='word_1_293' title='bbox 1512 2119 1554 2150; x_wconf 91' lang='grc'><em>11</em></span> <span class='ocrx_word' id='word_1_294' title='bbox 1570 2114 1689 2160; x_wconf 87' lang='grc' dir='ltr'><em>μόνου</em></span> 
     </span>
     <span class='ocr_line' id='line_1_35' title="bbox 338 2163 1687 2216; baseline -0.007 -10"><span class='ocrx_word' id='word_1_295' title='bbox 338 2171 470 2216; x_wconf 78' lang='lat' dir='ltr'><strong>scripsi</strong></span> <span class='ocrx_word' id='word_1_296' title='bbox 496 2182 516 2206; x_wconf 82' lang='lat' dir='ltr'><strong>e</strong></span> <span class='ocrx_word' id='word_1_297' title='bbox 544 2171 617 2207; x_wconf 87' lang='lat' dir='ltr'><em>VU</em></span> <span class='ocrx_word' id='word_1_298' title='bbox 637 2181 721 2205; x_wconf 86' lang='lat' dir='ltr'><em>cum</em></span> <span class='ocrx_word' id='word_1_299' title='bbox 741 2169 816 2204; x_wconf 87' lang='lat' dir='ltr'><em>Hin</em></span> <span class='ocrx_word' id='word_1_300' title='bbox 841 2167 958 2214; x_wconf 81' lang='grc' dir='ltr'><em>μόνον</em></span> <span class='ocrx_word' id='word_1_301' title='bbox 979 2167 1156 2204; x_wconf 75' lang='grc' dir='ltr'><em>ΡιιΒΡΗ</em></span> <span class='ocrx_word' id='word_1_302' title='bbox 1163 2177 1208 2212; x_wconf 89' lang='lat' dir='ltr'><em>pr</em></span> <span class='ocrx_word' id='word_1_303' title='bbox 1223 2165 1303 2202; x_wconf 70' lang='lat' dir='ltr'><em>Mor</em></span> <span class='ocrx_word' id='word_1_304' title='bbox 1317 2164 1404 2199; x_wconf 65' lang='lat' dir='ltr'><em>Wes</em></span> <span class='ocrx_word' id='word_1_305' title='bbox 1417 2163 1494 2198; x_wconf 80' lang='lat' dir='ltr'><em>Her</em></span> <span class='ocrx_word' id='word_1_306' title='bbox 1552 2167 1619 2198; x_wconf 81' lang='grc' dir='ltr'><em>τοῦ</em></span> <span class='ocrx_word' id='word_1_307' title='bbox 1642 2182 1687 2188; x_wconf 92' lang='grc'><strong>-</strong></span> 
     </span>
     <span class='ocr_line' id='line_1_36' title="bbox 340 2210 1689 2263; baseline -0.007 -9"><span class='ocrx_word' id='word_1_308' title='bbox 340 2223 382 2254; x_wconf 85' lang='grc'><em>12</em></span> <span class='ocrx_word' id='word_1_309' title='bbox 409 2219 471 2254; x_wconf 79' lang='grc' dir='ltr'><em>καὶ</em></span> <span class='ocrx_word' id='word_1_310' title='bbox 499 2230 559 2254; x_wconf 91' lang='lat' dir='ltr'><em>om</em></span> <span class='ocrx_word' id='word_1_311' title='bbox 579 2218 661 2253; x_wconf 84' lang='lat' dir='ltr'><em>Mor</em></span> <span class='ocrx_word' id='word_1_312' title='bbox 718 2221 760 2252; x_wconf 80' lang='lat'><em>12</em></span> <span class='ocrx_word' id='word_1_313' title='bbox 781 2214 1051 2263; x_wconf 83' lang='grc' dir='ltr'><em>στοχαζομένου</em></span> <span class='ocrx_word' id='word_1_314' title='bbox 1076 2225 1136 2250; x_wconf 90' lang='lat' dir='ltr'><em>om</em></span> <span class='ocrx_word' id='word_1_315' title='bbox 1157 2216 1193 2250; x_wconf 87' lang='lat' dir='ltr'><em>P</em></span> <span class='ocrx_word' id='word_1_316' title='bbox 1215 2212 1456 2259; x_wconf 76' lang='grc' dir='ltr'><em>στοχάζεσθαι</em></span> <span class='ocrx_word' id='word_1_317' title='bbox 1483 2212 1522 2246; x_wconf 74' lang='lat' dir='ltr'><em>et</em></span> <span class='ocrx_word' id='word_1_318' title='bbox 1540 2210 1689 2257; x_wconf 79' lang='grc' dir='ltr'><em>βάλλειν</em></span> 
     </span>
     <span class='ocr_line' id='line_1_37' title="bbox 337 2256 1691 2311; baseline -0.007 -9"><span class='ocrx_word' id='word_1_319' title='bbox 337 2267 377 2302; x_wconf 73' lang='lat' dir='ltr'><em>ot</em></span> <span class='ocrx_word' id='word_1_320' title='bbox 403 2270 446 2301; x_wconf 85' lang='grc'><em>16</em></span> <span class='ocrx_word' id='word_1_321' title='bbox 472 2265 716 2311; x_wconf 77' lang='grc' dir='ltr'><em>στοχάζεσθαι</em></span> <span class='ocrx_word' id='word_1_322' title='bbox 741 2265 780 2300; x_wconf 75' lang='lat' dir='ltr'><em>et</em></span> <span class='ocrx_word' id='word_1_323' title='bbox 801 2267 842 2299; x_wconf 77' lang='lat'><em>1¹¹1</em></span> <span class='ocrx_word' id='word_1_324' title='bbox 862 2261 1080 2308; x_wconf 68' lang='grc' dir='ltr'><em>σαφηνίζειν</em></span> <span class='ocrx_word' id='word_1_325' title='bbox 1100 2261 1183 2296; x_wconf 85' lang='lat' dir='ltr'>coni</span> <span class='ocrx_word' id='word_1_326' title='bbox 1204 2260 1291 2295; x_wconf 78' lang='lat' dir='ltr'><em>Wes</em></span> <span class='ocrx_word' id='word_1_327' title='bbox 1378 2261 1420 2294; x_wconf 77' lang='lat'><em>13</em></span> <span class='ocrx_word' id='word_1_328' title='bbox 1440 2256 1556 2298; x_wconf 77' lang='grc' dir='ltr'><em>οὕτως</em></span> <span class='ocrx_word' id='word_1_329' title='bbox 1574 2267 1635 2292; x_wconf 86' lang='lat' dir='ltr'><em>om</em></span> <span class='ocrx_word' id='word_1_330' title='bbox 1653 2257 1691 2292; x_wconf 88' lang='lat' dir='ltr'><strong><em>P</em></strong></span> 
     </span>
    </p>

    <p class='ocr_par' dir='ltr' id='par_1_10' title="bbox 334 2304 1689 2501">
     <span class='ocr_line' id='line_1_38' title="bbox 395 2304 1689 2357; baseline -0.008 -8"><span class='ocrx_word' id='word_1_331' title='bbox 395 2313 515 2357; x_wconf 79' lang='grc' dir='ltr'><em>πέραν</em></span> <span class='ocrx_word' id='word_1_332' title='bbox 540 2313 576 2349; x_wconf 92' lang='lat' dir='ltr'><em>U</em></span> <span class='ocrx_word' id='word_1_333' title='bbox 672 2315 714 2347; x_wconf 87' lang='lat'><em>14</em></span> <span class='ocrx_word' id='word_1_334' title='bbox 737 2310 919 2355; x_wconf 80' lang='grc' dir='ltr'><em>εὐπορίαν</em></span> <span class='ocrx_word' id='word_1_335' title='bbox 938 2312 974 2346; x_wconf 90' lang='grc' dir='ltr'><strong><em>Β</em></strong></span> <span class='ocrx_word' id='word_1_336' title='bbox 987 2322 1032 2355; x_wconf 83' lang='lat' dir='ltr'><em>pr</em></span> <span class='ocrx_word' id='word_1_337' title='bbox 1042 2309 1122 2345; x_wconf 84' lang='lat' dir='ltr'><em>Mor</em></span> <span class='ocrx_word' id='word_1_338' title='bbox 1219 2313 1263 2343; x_wconf 76' lang='lat'><em>15</em></span> <span class='ocrx_word' id='word_1_339' title='bbox 1289 2305 1439 2343; x_wconf 77' lang='grc' dir='ltr'><em>ἐπιστάλ</em></span> <span class='ocrx_word' id='word_1_340' title='bbox 1453 2333 1461 2341; x_wconf 93' lang='grc'><em>.</em></span> <span class='ocrx_word' id='word_1_341' title='bbox 1476 2333 1484 2341; x_wconf 94' lang='grc'><strong><em>.</em></strong></span> <span class='ocrx_word' id='word_1_342' title='bbox 1501 2334 1507 2341; x_wconf 91' lang='grc'><strong>.</strong></span> <span class='ocrx_word' id='word_1_343' title='bbox 1525 2333 1532 2340; x_wconf 92' lang='grc'><strong>.</strong></span> <span class='ocrx_word' id='word_1_344' title='bbox 1560 2304 1592 2338; x_wconf 92' lang='lat' dir='ltr'><em>V</em></span> <span class='ocrx_word' id='word_1_345' title='bbox 1609 2304 1689 2340; x_wconf 74' lang='grc' dir='ltr'><em>ἐπι-</em></span> 
     </span>
     <span class='ocr_line' id='line_1_39' title="bbox 337 2351 1591 2405; baseline -0.006 -9"><span class='ocrx_word' id='word_1_346' title='bbox 337 2361 500 2396; x_wconf 80' lang='grc' dir='ltr'><em>στάσεων</em></span> <span class='ocrx_word' id='word_1_347' title='bbox 525 2360 670 2396; x_wconf 86' lang='grc' dir='ltr'><em>ΡαΒΗ</em></span> <span class='ocrx_word' id='word_1_348' title='bbox 682 2371 728 2405; x_wconf 86' lang='lat' dir='ltr'><em>pr</em></span> <span class='ocrx_word' id='word_1_349' title='bbox 747 2359 829 2396; x_wconf 81' lang='lat' dir='ltr'><em>Mor</em></span> <span class='ocrx_word' id='word_1_350' title='bbox 850 2358 936 2394; x_wconf 74' lang='lat' dir='ltr'><em>Wes</em></span> <span class='ocrx_word' id='word_1_351' title='bbox 959 2358 1032 2392; x_wconf 83' lang='lat' dir='ltr'><em>Her</em></span> <span class='ocrx_word' id='word_1_352' title='bbox 1056 2355 1257 2391; x_wconf 77' lang='grc' dir='ltr'><em>ἐπιτάσεων</em></span> <span class='ocrx_word' id='word_1_353' title='bbox 1285 2356 1322 2391; x_wconf 92' lang='grc' dir='ltr'><strong><em>Ρ</em></strong></span> <span class='ocrx_word' id='word_1_354' title='bbox 1370 2351 1524 2398; x_wconf 69' lang='grc' dir='ltr'><em>λογίμου</em></span> <span class='ocrx_word' id='word_1_355' title='bbox 1556 2352 1591 2388; x_wconf 88' lang='lat' dir='ltr'><strong><em>V</em></strong></span> 
     </span>
     <span class='ocr_line' id='line_1_40' title="bbox 339 2399 1686 2453; baseline -0.007 -10"><span class='ocrx_word' id='word_1_356' title='bbox 339 2413 382 2443; x_wconf 83' lang='lat'><em>16</em></span> <span class='ocrx_word' id='word_1_357' title='bbox 405 2408 523 2453; x_wconf 80' lang='grc' dir='ltr'><em>μόνον</em></span> <span class='ocrx_word' id='word_1_358' title='bbox 541 2409 600 2443; x_wconf 88' lang='grc' dir='ltr'><em>Ρα</em></span> <span class='ocrx_word' id='word_1_359' title='bbox 615 2406 700 2443; x_wconf 80' lang='lat' dir='ltr'><em>Wei</em></span> <span class='ocrx_word' id='word_1_360' title='bbox 749 2405 959 2451; x_wconf 81' lang='grc' dir='ltr'><em>εὐφραδίας</em></span> <span class='ocrx_word' id='word_1_361' title='bbox 979 2405 1015 2440; x_wconf 89' lang='grc' dir='ltr'><strong><em>Β</em></strong></span> <span class='ocrx_word' id='word_1_362' title='bbox 1027 2416 1073 2449; x_wconf 90' lang='lat' dir='ltr'><em>pr</em></span> <span class='ocrx_word' id='word_1_363' title='bbox 1086 2403 1165 2439; x_wconf 81' lang='lat' dir='ltr'><em>Mor</em></span> <span class='ocrx_word' id='word_1_364' title='bbox 1185 2399 1391 2448; x_wconf 78' lang='grc' dir='ltr'><em>εὐφρασίας</em></span> <span class='ocrx_word' id='word_1_365' title='bbox 1410 2402 1469 2437; x_wconf 86' lang='grc' dir='ltr'><em>Ρα</em></span> <span class='ocrx_word' id='word_1_366' title='bbox 1515 2405 1581 2445; x_wconf 78' lang='grc' dir='ltr'><em>τῆς</em></span> <span class='ocrx_word' id='word_1_367' title='bbox 1599 2409 1686 2442; x_wconf 78' lang='grc' dir='ltr'><em>συμ-</em></span> 
     </span>
     <span class='ocr_line' id='line_1_41' title="bbox 334 2450 1230 2501; baseline -0.007 -10"><span class='ocrx_word' id='word_1_368' title='bbox 334 2455 483 2501; x_wconf 82' lang='grc' dir='ltr'><em>μετρίας</em></span> <span class='ocrx_word' id='word_1_369' title='bbox 507 2466 568 2490; x_wconf 90' lang='lat' dir='ltr'><em>om</em></span> <span class='ocrx_word' id='word_1_370' title='bbox 595 2455 630 2491; x_wconf 81' lang='lat' dir='ltr'><strong><em>V</em></strong></span> <span class='ocrx_word' id='word_1_371' title='bbox 721 2458 764 2489; x_wconf 84' lang='grc'><em>17</em></span> <span class='ocrx_word' id='word_1_372' title='bbox 791 2453 858 2499; x_wconf 72' lang='grc' dir='ltr'><em>μὲν</em></span> <span class='ocrx_word' id='word_1_373' title='bbox 882 2464 943 2488; x_wconf 89' lang='lat' dir='ltr'><em>om</em></span> <span class='ocrx_word' id='word_1_374' title='bbox 963 2452 1040 2489; x_wconf 81' lang='grc' dir='ltr'><em>ΡΗ</em></span> <span class='ocrx_word' id='word_1_375' title='bbox 1054 2451 1141 2487; x_wconf 74' lang='lat' dir='ltr'><em>Wes</em></span> <span class='ocrx_word' id='word_1_376' title='bbox 1153 2450 1230 2485; x_wconf 87' lang='lat' dir='ltr'><em>Her</em></span> 
     </span>
    </p>
   </div>
  </div>
 </body>
</html>
