1872 2924
338 222 359 263 ὅ
380 222 436 255 16.
476 216 541 254 ΒΕ
566 215 708 255 com).
737 216 811 254 ΕΡ.
832 214 949 253 1482
974 215 1337 253 RXHIBENTIBUS
1432 217 1523 261 215

146 321 216 350 sus
251 319 350 358 esse,
383 307 576 358 quoniam
607 307 652 346 in
686 305 941 347 Sakkelionis
975 306 1162 359 catalogo
1194 305 1366 346 Athenis
1403 307 1518 347 1892

148 367 259 409 edito
283 380 376 408 eum
398 379 481 406 non
504 366 675 418 repperi,
699 368 741 406 et
765 366 913 406 multos
938 366 1094 406 codices
1119 362 1286 406 amissos
1309 378 1394 407 esse
1414 365 1518 406 Con-

148 426 389 469 stantinidea
420 426 646 478 praefectus
672 425 941 466 bibliothecae
965 427 1008 465 in
1033 425 1285 477 praefatione
1310 426 1429 466 huius
1453 439 1517 466 ca·

146 488 278 540 talogi
301 500 341 539 p.
360 485 421 526 IV
445 486 704 526 asseveravit.

208 546 406 587 Ultimum
430 546 575 595 locum,
598 547 624 585 i.
645 558 678 585 e.
697 547 790 596 post
815 557 955 585 comm.
975 557 1036 596 ep.
1060 546 1130 594 20,
1153 547 1274 585 nacta
1293 547 1356 585 est
1374 557 1435 596 ep.
1459 547 1514 585 22

146 606 272 647 etiam
295 606 341 646 in
365 606 504 658 ecloga
528 605 757 645 scholarum
780 605 824 644 in
848 617 965 645 usum
991 605 1113 654 facta„
1144 617 1264 656 quam
1289 606 1426 655 plures
1451 619 1516 645 ex·

147 666 290 706 hibent
313 665 491 706 codices:

210 726 308 766 332.
330 723 912 775 Constantinopolitanae
931 723 970 763 S.
985 723 1210 776 Sepulcri
1230 719 1361 778 556¹)
1376 725 1502 765 chart.
1517 734 1587 767 688

146 786 300 825 formae
324 786 456 836 quart.
475 797 529 825 sc.
550 783 674 823 XVII.
709 784 865 836 Ecloga
884 797 974 824 cum
993 784 1235 835 paraphrasi
1251 785 1447 836 inscripta
1466 783 1516 826 ἐκ

147 850 239 885 τῶν
270 849 358 885 τοῦ
389 844 597 898 μεγάλου
621 843 869 896 βασιλείου
894 843 1192 895 comprehendit
1215 844 1284 884 fol.
1307 846 1509 885 80—211

147 917 287 945 comm.
306 917 368 955 ep.
389 905 518 944 3—8.
548 904 734 944 17-20.
762 905 831 943 22.
866 903 1122 944 Antecedunt
1139 903 1342 943 orationes
1359 904 1513 944 Isocra·

146 964 213 1014 tis,
238 962 402 1004 Catonis
427 963 612 1013 disticha,
637 963 788 1014 Aesopi
812 962 985 1013 fabulae,
1011 962 1156 1003 Basilii
1181 965 1223 1003 et
1242 963 1399 1015 Synesii
1424 977 1514 1004 ora-

146 1024 288 1072 tiones,
310 1023 470 1074 Isidori,
497 1022 726 1063 Phalaridis
750 1022 948 1074 epistulae
973 1018 1063 1077 (fol.
1085 1018 1270 1078 1—79);
1295 1024 1515 1064 succedunt

147 1084 344 1135 epistulae
364 1083 520 1133 Basilii,
538 1082 668 1132 Bruti,
687 1082 847 1133 Iuliani,
866 1083 1110 1132 Aristotelis,
1128 1082 1311 1123 aliorum.
1340 1083 1513 1135 Inspexi.

208 1142 399 1183 Eiusdem
423 1143 582 1196 generis
606 1145 668 1183 est

208 1204 308 1244 333.
333 1202 816 1254 Hierosolymitanus
843 1201 1120 1253 S.Sepulcri
1147 1202 1233 1242 306
1266 1203 1392 1244 chart.
1419 1203 1500 1243 for·
1515 1211 1585 1244 639

146 1275 235 1302 mae
260 1264 393 1314 quart.
418 1275 470 1303 sc.
490 1261 608 1302 XVII
614 1261 794 1315 [XVIIL
824 1263 894 1314 qui
923 1264 1017 1313 post
1041 1261 1187 1302 Isidori
1211 1261 1439 1303 Pelusiotae
1472 1266 1513 1303 et

146 1323 240 1362 ante
265 1321 491 1362 Phalaridis
516 1321 767 1372 aliorumque
791 1321 988 1372 epistulas
1013 1321 1082 1362 fol.
1104 1322 1359 1362 lov—116
1383 1323 1510 1363 conti·

146 1384 216 1422 net
239 1381 408 1422 eandem
431 1381 613 1434 eclogam
637 1393 729 1421 cum
752 1381 991 1433 paraphrasi
1012 1381 1261 1422 interlineari
1281 1382 1434 1432 pariter
1451 1383 1512 1422 in-

147 1441 340 1492 scriptam
363 1439 413 1482 ἐκ
437 1446 528 1486 τῶν
553 1446 636 1481 τοῦ
660 1440 868 1495 μεγάλου
893 1440 1164 1493 βασιλείου,
1187 1440 1258 1481 sed
1282 1454 1424 1482 comm.
1449 1455 1511 1493 ep.

148 1502 173 1539 8
200 1502 348 1540 omisit.
383 1500 611 1541 Succedunt
635 1500 779 1540 Basilii
803 1514 864 1552 ep.
887 1502 955 1540 12.
983 1502 1050 1541 13.
1078 1501 1177 1541 330.
1204 1501 1304 1541 332.
1331 1503 1400 1542 44.
1443 1501 1511 1541 In-

145 1572 267 1611 spen.

209 1619 308 1660 oum
338 1620 413 1660 hoc
437 1619 594 1660 Hieros.
621 1621 706 1661 306
733 1632 894 1671 prorsus
919 1619 1096 1659 concinit
1118 1620 1340 1672 inscriptio,
1372 1634 1511 1661 nume-

144 1691 225 1729 rus,
257 1679 355 1719 ordo
386 1679 662 1730 epistularum,
693 1691 792 1731 quas
824 1679 986 1719 exhibet
1008 1691 1099 1719 cum
1122 1680 1361 1732 paraphrasi
1386 1681 1510 1721 inter-

146 1739 291 1779 lineari

208 1799 306 1839 334.
331 1797 812 1850 Hierosolymilanus
837 1797 877 1838 S.
897 1798 1120 1850 Sepulcri
1146 1800 1232 1839 373
1264 1800 1391 1841 chart.
1416 1800 1496 1840 for-
1511 1808 1582 1841 640

144 1871 234 1898 mae
258 1860 392 1910 quart.
417 1858 590 1909 scriptus
615 1870 652 1898 a.
674 1858 786 1898 1786
796 1852 831 1910 ¹)
857 1858 925 1899 foL
945 1859 1135 1900 80—84.
1169 1859 1340 1910 Inspexi.

205 1916 405 1957 Ulfimum
433 1918 568 1957 locum
598 1930 659 1969 ep.
689 1919 744 1957 22
775 1917 921 1958 habere
952 1930 1049 1958 cave
1079 1918 1247 1971 colligas
1278 1918 1320 1957 in
1351 1919 1508 1971 ecloga,

145 1989 268 2027 quam
293 1977 460 2028 praebet
484 1977 607 2018 codex

207 2036 306 2076 335.
325 2035 683 2077 Laurentianus
703 2036 817 2077 LVII
838 2040 859 2078 1
882 2037 1008 2078 chart.
1021 2037 1186 2077 miscell.
1198 2038 1350 2078 formae
1363 2041 1494 2090 quart.
1509 2046 1578 2079 641

145 2107 199 2135 sc.
219 2094 304 2145 XV,
329 2095 400 2146 qui
424 2098 516 2147 post
533 2096 702 2136 Luciani
719 2096 914 2149 dialogos,
938 2095 1167 2137 Phalaridis
1186 2099 1227 2137 et
1247 2096 1405 2148 Synesii
1423 2100 1507 2149 epi-

145 2154 275 2195 stulas
299 2154 393 2194 inde
418 2167 443 2194 a
467 2155 536 2195 fol.
557 2157 665 2196 327’
687 2155 854 2207 praebet
877 2158 1039 2196 mutuas
1062 2156 1277 2207 inscriptas
1299 2155 1506 2198 ἐπιστο-

146 2212 228 2254 λαὶ
264 2211 546 2267 ἀμοιβαῖαι
586 2214 837 2266 λιβανίου
875 2214 1003 2268 πρὸς
1039 2214 1123 2256 τὸν
1162 2214 1324 2270 μέγαν
1354 2217 1507 2269 βασί-

145 2276 194 2313 λε
207 2287 298 2313 ιον.
335 2273 441 2314 Nam
470 2287 563 2314 cum
588 2274 810 2315 Bandinius
841 2275 882 2314 in
908 2275 1038 2316 Gatal.
1064 2275 1187 2315 codic.
1213 2289 1270 2328 gr.
1297 2275 1506 2316 Laurenti-

208 2369 225 2399 ι
269 2363 377 2401 Hunc
406 2364 576 2401 eodioem
605 2366 698 2402 olim
727 2365 825 2402 vidit
853 2368 894 2403 et
917 2368 1224 2404 commemoravit
1248 2366 1507 2404 Bethmannus

144 2410 185 2446 in
240 2412 348 2448 ertzii
373 2412 534 2450 Archivo
558 2412 610 2449 IX
628 2417 709 2450 6⁶2.

207 2462 243 2501 2)
266 2459 535 2507 Papadopulus
561 2460 776 2505 Kar-mem.
801 2461 922 2499 Catal.
941 2464 970 2499 t.
989 2462 1015 2498 1.
1036 2465 1116 2499 894.
