1872 2924
185 214 367 252 numm
392 212 477 257 QUI
496 211 764 249 PERUNTUR
789 208 1141 247 CHARAOTERES
1166 208 1429 246 EPISTOLICI
1467 209 1529 252 25

164 303 279 344 annis
303 302 497 343 Lodovici
520 301 627 341 Vitis
651 304 693 340 et
716 299 851 339 Desid.
871 299 1048 349 Erasmi,
1079 298 1251 338 aliorum
1282 298 1330 338 de
1355 301 1526 339 conscri-

165 363 305 405 bendis
330 358 512 414 epistolis
537 363 736 400 tractatus
761 373 798 411 p.
822 359 1069 400 144—303.

225 424 294 463 64.
321 422 458 462 Editio
482 421 610 460 libelli
629 420 896 460 Sambuciana
920 420 1095 470 repetita
1119 420 1181 458 est
1203 419 1246 457 in
1271 417 1427 458 duabus
1445 418 1527 458 edi·

165 482 358 533 tionibus,
385 493 553 532 quarum
577 482 689 532 prior
712 479 922 530 inscripta:
949 476 1049 528 Περὶ
1073 484 1143 518 τοῦ
1168 476 1442 518 ἕπισταλτικοῦ
1459 493 1526 531 χα-

165 547 360 598 ρακτῆρος
383 540 540 594 βιβλίον
564 537 785 580 ἀδέσποτον
803 538 989 578 Lutetiae
1011 539 1123 578 1577
1153 550 1200 577 ex
1224 537 1387 578 officina
1406 537 1529 578 Fede-

164 602 239 643 rici
257 601 414 642 Moreui
436 600 598 652 prodiit,
616 600 745 640 altera
761 599 971 649 inscripta:
994 593 1258 638 Ἐπιστολικοὶ
1276 602 1528 651 χαρακτῆρες.

166 661 441 712 Epistularum
465 659 833 700 conscribendarum
856 658 1057 698 methodus
1079 658 1251 698 Libanio
1276 669 1302 697 a
1326 658 1531 697 nonnullis

166 722 375 772 adscripta.
414 720 458 760 E
477 720 668 760 Demetrii
691 719 872 758 Phalerei
901 718 949 757 de
974 718 1203 758 Elocutione
1233 718 1332 756 libro
1357 718 1529 757 eiusdem

167 782 386 832 ammenti
411 780 604 830 quaedam
629 779 843 828 desumpta.
875 777 999 827 Apud
1021 778 1307 828 Hieronymum
1328 777 1529 818 Commen-

165 853 262 881 Μ
290 841 417 880 1597.

229 901 297 941 65.
316 899 482 940 Duobus
500 898 627 945 libris,
646 898 828 939 Parisino
845 898 959 938 1630
980 893 1051 952 (P)
1072 910 1095 936 a
1108 896 1319 936 Dnebnero
1329 896 1530 948 descripto

168 963 210 1001 et
226 959 414 1000 Palatino
432 957 761 1011 Heidelbergensi
782 958 837 997 43
859 952 937 1012 (H)
964 970 989 997 a
1012 956 1192 1008 Kaysero
1219 956 1367 996 collato
1393 959 1435 996 et
1459 956 1530 996 du-

168 1019 267 1060 abus
293 1018 549 1068 editionibus,
574 1017 857 1070 Hartnngiana
881 1030 917 1056 a.
947 1018 1060 1057 1548
1082 1013 1147 1070 (b)
1173 1019 1214 1056 et
1231 1016 1470 1056 Morelliana
1495 1029 1531 1055 a.

171 1081 286 1120 1558
305 1075 385 1133 (p),
403 1091 500 1118 usus
519 1079 626 1118 Ant.
640 1078 1036 1118 woutermannus
1051 1071 1115 1130 (ι-
1130 1071 1244 1129 Wes)
1263 1077 1530 1116 recensionem

168 1139 421 1179 Proclianam
440 1139 675 1189 inscriptam
695 1136 880 1190 Πρόκλου
902 1141 973 1177 τοῦ
991 1138 1252 1176 Πλατωνικοῦ
1270 1134 1359 1190 περὶ
1377 1134 1531 1176 ἐπιστο-

170 1198 330 1252 λιμαίου
354 1203 598 1252 χαρακτῆρος
622 1198 785 1248 Lipsiae
811 1209 845 1236 a.
869 1198 981 1237 1856
1009 1196 1144 1236 edidit.

231 1260 299 1299 66.
330 1258 458 1305 Quem
490 1258 681 1307 firmiter,
717 1259 764 1297 ut
799 1257 870 1307 ait,
904 1269 1040 1308 presso
1077 1255 1249 1307 vestigio
1280 1257 1438 1296 secutus
1472 1259 1532 1295 est

170 1319 217 1358 B..
236 1318 448 1358 Hercher
476 1318 520 1357 in
549 1317 898 1369 Epistolographis
923 1315 1086 1356 Graecis
1110 1330 1149 1367 p.
1171 1317 1314 1355 6—13
1343 1310 1409 1369 (ε-
1428 1310 1531 1367 Her)

169 1379 301 1418 rarius
331 1391 378 1418 ex
403 1377 483 1417 alio
508 1377 683 1428 quodam
707 1376 888 1417 codicum
913 1376 964 1415 ab
989 1375 1164 1415 Hinokio
1189 1374 1458 1415 adhibitorum
1485 1377 1534 1414 ut

169 1438 368 1478 Vaticano
389 1438 488 1487 306,
507 1435 780 1477 Ottoboniano
802 1437 885 1477 259
913 1448 1035 1487 quam
1062 1449 1108 1475 ex
1126 1435 1289 1488 ingenio
1308 1436 1435 1486 ipsius
1454 1435 1531 1474 lec-

169 1498 280 1538 tione
305 1499 474 1537 mutata.

230 1558 297 1596 67.
318 1557 367 1597 Η.
378 1551 780 1610 Hinckius(annal.
789 1555 927 1607 philol.
940 1556 1067 1605 1869,
1082 1548 1340 1608 537-562)
1354 1550 1419 1607 (²-
1428 1550 1532 1608 Hin)

169 1618 376 1656 immemor
394 1629 540 1668 operae
552 1615 950 1657 Westermannianae
963 1614 1197 1654 chlianae
1211 1614 1453 1654 recensionis
1467 1627 1532 1654 co·

169 1676 276 1716 dices
302 1676 620 1716 Laurentinum
641 1677 711 1725 55,
733 1677 770 1727 7,
800 1674 1146 1715 vindobonensem
1169 1674 1312 1725 philos.
1333 1676 1374 1713 et
1391 1673 1532 1725 philol.

170 1737 269 1786 149,
294 1736 498 1776 Parisinos
527 1736 654 1785 1630,
675 1736 803 1786 2551,
826 1736 938 1774 1749
966 1734 1151 1774 adhibuit
1175 1733 1347 1784 quidem,
1372 1733 1441 1772 sed
1467 1746 1531 1773 co-

169 1796 323 1835 dicibus
353 1795 596 1835 recensionis
627 1794 887 1844 Libanianae,
919 1807 1042 1844 quam
1073 1793 1287 1846 genuinam
1318 1793 1536 1844 perspexit,

174 1855 258 1896 VU
277 1853 550 1895 Ottoboniano
583 1855 688 1903 339,
712 1854 910 1894 Vaticano
939 1855 1042 1904 753,
1067 1853 1349 1893 Laurentianis
1371 1853 1446 1902 57,
1473 1853 1530 1892 34

170 1917 211 1954 et
236 1916 306 1964 60,
341 1915 394 1954 14
427 1914 515 1954 iure
546 1915 786 1966 postposuit,
817 1915 894 1953 etsi
924 1913 1051 1954 codici
1084 1913 1121 1952 V
1141 1915 1333 1952 maiorem
1359 1914 1530 1952 auctori·

170 1977 298 2014 tatem
322 1973 470 2014 tribuit
494 1975 535 2014 et
558 1974 602 2013 in
626 1974 758 2013 verbis
782 1973 959 2013 delendis
983 1973 1148 2012 modum
1173 1973 1349 2012 excessit.

231 2034 299 2074 68.
324 2034 458 2084 Atque
495 2035 600 2073 hunc
638 2033 798 2084 quidem
837 2035 995 2072 secutus
1032 2035 1095 2071 est
1131 2032 1370 2072 novissimus
1401 2031 1532 2071 editor

169 2093 460 2133 Valentinus
480 2093 784 2133 Weichertus
810 2088 876 2143 (==
896 2088 1016 2145 wei),
1043 2094 1154 2131 cuius
1179 2104 1252 2142 pro
1275 2093 1410 2142 patria
1427 2104 1531 2131 mor-

167 2155 246 2192 tem
279 2153 480 2204 lugemus:
510 2154 700 2193 Demetrii
731 2155 765 2191 et
789 2152 956 2192 Libam'i
987 2153 1055 2201 qui
1084 2153 1267 2200 femur
1297 2151 1415 2191 τύποι
1445 2149 1529 2190 ἐπι-

169 2210 340 2252 στολικοὶ
371 2216 406 2252 et
440 2211 721 2264 ἔπιστολιμαῖοι
755 2216 992 2264 χαρακτῆρες
1023 2211 1189 2261 Lipsiae
1219 2212 1347 2259 1910,
1377 2210 1447 2250 sed
1479 2209 1532 2249 ad

168 2272 318 2312 iustam
343 2273 611 2312 recensionem
631 2285 711 2312 non
730 2273 923 2322 pervenit.
956 2271 1059 2310 Nam
1080 2284 1127 2310 ex
1147 2273 1345 2321 apparatu
1364 2270 1529 2309 Hinoki·

170 2344 246 2371 ano
282 2333 324 2370 et
356 2331 730 2371 Westermanniano
763 2331 902 2370 hausit
935 2331 1095 2381 quidem
1130 2333 1171 2370 et
1201 2330 1350 2369 multos
1375 2329 1530 2369 codices

170 2391 321 2442 primus
355 2390 551 2441 adhibuit,
585 2391 654 2430 sed
687 2391 793 2430 inter
825 2391 898 2430 hos
931 2390 1023 2441 plus
1055 2403 1136 2430 uno
1170 2389 1270 2428 nihil
1304 2390 1419 2429 iuvat
1452 2390 1531 2428 nisi

171 2453 408 2501 apparatum
438 2452 588 2490 onerat
628 2450 819 2490 Codicum
845 2462 991 2502 genera
1016 2449 1177 2500 quidem
1201 2451 1307 2488 recte
1333 2449 1533 2498 distinxit,
