1872 2924
420 206 439 247 5
459 206 492 239 8.
524 201 590 238 DE
614 201 800 240 comem
834 204 885 240 Vo
909 202 1266 240 PROPAGINIBUS
1473 204 1527 247 7⁹¹1

169 307 251 335 non
268 295 311 334 in
332 293 576 344 Vleguntur.
603 291 658 332 Et
675 292 850 333 codicem
870 305 892 332 e
914 294 981 344 Vo,
994 306 1073 333 non
1086 306 1108 333 e
1130 294 1191 333 Va
1202 305 1287 334 esse
1299 297 1529 345 excerptum

168 354 368 395 evincitur
386 366 446 404 ep.
463 354 562 402 500,
581 352 621 392 in
643 365 723 404 qua
740 352 950 392 lectionem
964 353 1111 394 codicis
1130 353 1184 392 Vo
1203 359 1273 393 τοῦ
1294 360 1367 394 σοῦ
1379 352 1529 405 τρόπον

169 412 237 455 καὶ
255 419 326 466 τῆς
345 418 417 464 σῆς
436 412 631 464 σπουδῆς,
655 425 735 452 non
754 412 901 452 codicis
935 413 995 452 Va
1012 415 1053 452 et
1081 414 1116 451 V
1131 411 1225 462 τοὺς
1243 413 1340 461 σοὺς
1358 412 1531 466 τρόπους

169 472 236 514 καὶ
249 472 324 525 τὴν
342 470 418 524 σὴν
432 470 490 520 εἰς
508 471 550 512 τὸ
571 474 686 512 θεῖον
706 471 890 521 σπουδὴν
907 472 1084 523 praebet.
1104 472 1211 513 Raro
1231 473 1295 512 vel
1315 487 1338 512 a
1357 473 1529 513 lectione

167 533 317 574 codicis
357 533 413 571 Vo
443 532 623 580 recessit,
660 534 707 571 ut
738 532 778 570 in
809 531 880 587 ἔσῃ
910 545 984 582 pro
1014 531 1110 588 γένῃ
1142 546 1203 583 ep.
1232 534 1330 572 502.
1375 533 1531 572 Desunt

168 593 366 645 epistulae
390 591 484 631 inde
510 605 534 631 a
565 593 650 631 412
677 605 804 643 usque
836 592 886 631 ad
920 593 1004 631 496
1040 605 1141 643 quae
1172 592 1214 630 in
1248 592 1303 631 Vo
1334 593 1415 631 iam
1441 605 1528 643 per·

171 654 314 693 ierant.
352 651 408 691 Ut
433 651 506 693 sub
537 651 656 691 finem
687 651 835 691 multas
867 651 1059 702 epistulas
1085 652 1312 702 praeteriit,
1337 652 1397 691 ita
1421 652 1531 692 ultra

173 713 287 753 1006
320 724 526 762 excerpere
558 713 700 751 auctor
730 712 893 751 omnino
924 711 1207 762 praetermisit.
1246 710 1333 758 Qua
1365 725 1386 751 e
1412 725 1455 750 re
1480 724 1530 750 ne

169 771 384 812 concludas
408 785 497 811 eum
521 784 600 811 non
620 771 872 821 Vossianum,
898 771 967 811 sed
985 771 1227 810 Vaticanum
1249 773 1304 811 85
1327 773 1419 810 ante
1439 784 1530 811 ocu-

169 833 230 872 los
254 831 452 880 habuisse,
475 833 636 882 reputes
662 831 767 870 hunc
791 830 928 870 statim
956 833 1048 881 post
1065 832 1227 870 initium
1247 844 1307 882 ep.
1329 832 1444 871 1006
1464 830 1531 870 de-

169 893 313 941 sinere,
332 890 640 931 Ambrosianum
661 903 755 931 vero
774 903 901 941 usque
921 890 972 929 ad
993 891 1113 930 verba
1132 889 1186 942 μὴ
1206 889 1421 943 θειοτέρων
1438 888 1532 930 ὄντα

169 951 303 1004 γόνων
326 963 582 1002 progressum
606 962 701 991 esse.
741 950 819 990 Sed
843 951 986 989 folium
1010 951 1113 990 illud
1138 951 1244 990 inter
1266 953 1288 990 7
1317 953 1357 990 et
1383 953 1408 990 8
1434 963 1533 990 non-

169 1011 267 1050 dum
292 1010 502 1050 exciderat.
538 1010 643 1049 Nam
667 1012 775 1049 inter
799 1023 859 1061 ep.
881 1011 936 1049 28
956 1012 997 1050 et
1018 1012 1072 1050 29
1100 1013 1211 1050 extat
1235 1011 1275 1049 in
1297 1011 1363 1050 fol.
1385 1012 1441 1050 85
1468 1023 1534 1050 ex-

171 1074 351 1122 cerptum
383 1068 815 1121 ἕπειδὴ-πεπείκασιν
847 1065 913 1123 (-
933 1083 992 1121 ep.
1015 1066 1104 1122 31),
1136 1070 1244 1121 quod
1276 1072 1347 1109 uni
1378 1083 1424 1108 ex
1450 1070 1533 1109 illis

170 1132 367 1181 quattuor
392 1129 575 1180 epistulis
608 1129 774 1180 perditis
799 1129 841 1182 ιβ
849 1127 951 1169 -ιε’
971 1130 1229 1170 tribuendum
1255 1132 1327 1169 est.
1362 1130 1422 1168 De
1443 1142 1534 1170 con-

170 1190 263 1230 silio
293 1189 526 1240 excerpendi
558 1189 592 1228 si
624 1190 799 1240 quaeris,
830 1192 970 1229 auctor
1000 1190 1102 1229 nihil
1127 1191 1206 1229 nisi
1231 1193 1278 1228 ut
1302 1190 1486 1229 flosculos
1513 1202 1533 1228 e

170 1250 300 1300 pratis
325 1249 591 1300 epistularum
617 1252 800 1300 carperet
823 1249 1074 1300 propositum
1100 1249 1285 1288 habebat.
1322 1250 1465 1300 Itaque
1484 1263 1533 1287 ne

171 1310 351 1362 integras
370 1309 531 1360 quidem
551 1309 744 1359 epistulas
764 1321 901 1349 omnes
914 1310 1136 1360 exscripsit,
1156 1309 1224 1348 sed
1237 1311 1410 1353 tantum,
1431 1322 1534 1359 quae

170 1370 210 1408 ei
228 1368 503 1420 splendebant,
522 1370 605 1408 sive
624 1369 786 1408 initium
806 1369 889 1408 sive
909 1369 1085 1408 medium
1104 1370 1188 1408 sive
1202 1368 1292 1407 finis
1306 1371 1410 1407 erat:
1430 1381 1535 1419 quae

171 1441 234 1468 res
259 1428 556 1480 Rostgaardum
575 1431 615 1467 et
635 1429 823 1467 Wolfium
844 1430 882 1467 in
907 1442 1080 1468 errorem
1100 1428 1268 1477 induxit,
1293 1431 1341 1466 ut
1359 1428 1535 1467 frustula

172 1489 438 1539 epistularum
456 1502 529 1539 pro
549 1489 733 1539 epistulis
746 1488 862 1527 novis
874 1488 1068 1527 haberent
1087 1489 1199 1527 velut
1215 1489 1327 1527 1159
1344 1488 1418 1535 W.,
1433 1500 1535 1538 quae

173 1548 274 1586 nihil
293 1548 371 1587 nisi
390 1560 482 1598 pars
498 1552 558 1587 est
570 1561 630 1598 ep.
647 1548 744 1588 629.
765 1547 877 1594 Quae
891 1548 1080 1599 redargui
1091 1561 1183 1586 ann.
1197 1547 1388 1587 Fleckeis.
1406 1549 1534 1590 1876,

175 1609 259 1647 499
280 1620 338 1658 sq.
372 1607 482 1654 Quae
501 1620 590 1647 cum
611 1609 668 1646 ita
687 1609 781 1656 sint,
799 1608 842 1646 in
862 1609 955 1647 crisi
974 1607 1149 1646 codicem
1168 1621 1247 1646 non
1268 1606 1535 1646 adhibendum

171 1680 257 1707 osse
277 1667 355 1706 nisi
373 1667 444 1706 ubi
471 1668 526 1707 Vo
545 1667 690 1716 deficit,
716 1669 896 1718 apparet.
929 1667 1074 1717 Itaque
1094 1668 1218 1706 etiam
1238 1667 1311 1706 hoc
1330 1667 1419 1706 loco
1439 1666 1538 1705 satis

173 1726 301 1766 habeo
326 1727 523 1766 indicasse
548 1727 741 1777 epistulas
768 1740 788 1766 e
815 1727 960 1777 quibus
986 1727 1064 1766 loci
1090 1728 1267 1777 excerpti
1291 1729 1405 1767 sunt:
1439 1727 1536 1765 636.

174 1787 274 1826 637.
302 1787 398 1826 369.
428 1788 525 1826 374.
554 1788 651 1826 379.
681 1788 778 1826 383.
807 1787 904 1826 386.
934 1788 1032 1828 387.
1060 1787 1158 1826 388.
1186 1787 1284 1825 390.
1313 1787 1409 1825 391.
1439 1786 1537 1824 393.

175 1847 273 1885 396.
302 1847 400 1886 398.
427 1847 524 1885 402.
553 1847 651 1886 404.
679 1847 778 1886 405.
805 1847 904 1886 409.
932 1848 1030 1886 410.
1058 1848 1158 1885 499.
1187 1847 1284 1886 500.
1313 1846 1411 1885 501.
1440 1846 1537 1884 502.

178 1906 276 1944 503.
304 1906 400 1945 510.
429 1908 526 1945 512.
556 1907 653 1945 518.
682 1907 779 1946 528.
808 1907 905 1945 535.
935 1907 1032 1945 558.
1060 1907 1158 1945 576.
1186 1906 1284 1944 578.
1313 1906 1411 1944 581.
1440 1905 1538 1944 584.

177 1965 276 2004 604.
303 1965 401 2004 606.
429 1967 527 2005 619.
556 1966 653 2004 628.
681 1966 779 2004 629.
806 1967 905 2005 632.
933 1967 1031 2005 634.
1059 1966 1157 2005 633.
1185 1966 1282 2004 639.
1311 1965 1408 2003 643.
1438 1967 1474 2003 1.
1500 1965 1538 2002 6.

176 2025 215 2063 8.
246 2026 311 2063 12.
341 2026 406 2064 15.
436 2026 501 2064 19.
530 2026 598 2064 20.
626 2026 693 2064 23.
721 2026 789 2063 25.
817 2026 884 2064 26.
913 2027 978 2064 28.
1008 2026 1076 2064 29.
1103 2026 1171 2064 32.
1200 2024 1267 2063 35.
1290 2024 1357 2062 38.
1379 2024 1448 2063 39.
1468 2024 1540 2063 40.

178 2085 246 2123 42.
281 2085 349 2123 43.
383 2085 450 2123 44.
485 2086 553 2123 47.
588 2085 655 2123 48.
690 2085 756 2123 51.
792 2086 860 2124 52.
895 2086 963 2123 54.
992 2085 1046 2124 58
1087 2085 1155 2124 61.
1183 2084 1250 2123 67.
1279 2084 1346 2122 68.
1375 2084 1443 2123 70.
1472 2085 1539 2122 72.

180 2144 246 2182 74.
280 2145 347 2183 80.
382 2144 451 2182 81.
485 2145 551 2183 91.
587 2145 655 2183 95.
689 2144 756 2183 98.
792 2145 889 2184 100.
925 2145 1021 2183 101.
1058 2144 1153 2183 105.
1192 2144 1288 2182 107.
1317 2144 1412 2183 109.
1442 2145 1540 2182 111.

182 2203 277 2243 120.
306 2204 404 2243 122.
434 2204 529 2242 123.
560 2205 655 2242 125.
685 2204 781 2243 131.
811 2204 906 2242 137.
938 2203 1035 2242 140.
1065 2203 1161 2242 143.
1191 2203 1287 2241 152.
1317 2203 1414 2242 156.
1443 2203 1541 2242 157.

182 2262 278 2301 161.
308 2264 404 2303 171.
435 2263 530 2301 173.
560 2264 657 2302 175.
686 2263 781 2302 181.
812 2263 908 2302 183.
939 2263 1034 2301 184.
1065 2263 1161 2302 194.
1192 2263 1287 2301 196.
1317 2263 1414 2302 203.
1442 2262 1541 2301 208.

181 2322 278 2360 209.
306 2323 405 2361 215.
438 2323 534 2361 218.
564 2323 661 2361 221.
688 2323 786 2361 222.
814 2323 898 2361 223
940 2323 1038 2361 224.
1065 2323 1164 2361 226.
1191 2323 1288 2361 227.
1318 2323 1415 2361 231.
1443 2322 1543 2360 235.

181 2381 279 2420 236.
306 2382 404 2421 237.
433 2382 530 2421 238.
559 2382 657 2421 240.
685 2382 782 2420 242.
812 2381 909 2420 246.
937 2383 1036 2421 251.
1064 2383 1161 2421 254.
1189 2381 1287 2421 268.
1315 2381 1414 2421 279.
1443 2382 1541 2420 281.

181 2439 278 2479 287.
313 2441 410 2480 299.
438 2441 535 2481 300.
564 2443 662 2480 310.
689 2442 786 2481 312.
815 2441 913 2480 315.
940 2441 1037 2480 316.
1066 2442 1163 2480 324.
1192 2441 1290 2480 325.
1317 2441 1416 2480 326.
1444 2441 1543 2479 327.
