1872 2924
330 227 416 272 164
631 229 998 266 PROLEGOMENA
1023 230 1374 286 AD.EPISTULAS

327 319 418 356 niae
447 313 581 370 1818)
606 331 644 368 p.
662 319 742 357 151
772 331 792 356 e
818 319 971 358 duobus
997 320 1238 371 apographis
1265 320 1518 362 Collectionis
1542 322 1681 361 Fabri-

329 379 467 416 cianae
492 377 698 427 publicata
724 379 794 416 est.

389 437 568 475 Secundo
593 438 678 475 loco
703 437 945 476 nominanda
971 439 1032 476 est
1062 439 1199 490 ecloga
1224 439 1488 489 epistularum
1512 440 1683 490 Lihaemii,

328 509 451 546 quam
475 496 581 535 inter
605 496 779 546 reliquos
805 497 1149 548 epistolographos
1173 498 1339 548 praebet
1363 499 1485 538 codex

390 556 486 595 185.
511 555 858 595 Ambrosianus
883 556 911 594 B
926 557 951 594 4
978 569 1077 606 sup.
1098 553 1162 610 (=
1181 553 1276 611 ΑΥ)
1302 570 1354 597 sc.
1367 559 1415 606 X,
1435 559 1505 608 qui
1524 558 1683 598 exhibet

328 615 397 654 fol.
414 616 515 653 107Ῑ
534 615 682 653 Iuliani
697 617 820 665 ep.76
839 615 975 664 Hertl.,
993 617 1095 655 11οῖ
1113 617 1287 656 eiusdem
1308 629 1368 667 ep.
1385 619 1409 657 3
1427 618 1564 666 HertL,
1579 621 1599 657 1
1612 619 1683 657 10'

327 674 488 713 Libanii
513 674 564 713 ad
588 674 691 713 hanc
709 676 998 724 responsoriam
1019 676 1084 726 (Ξ
1102 672 1221 727 760),
1244 676 1387 715 Iulian.
1407 690 1466 727 ep.
1484 679 1537 717 14
1557 677 1682 716 Hertl.

329 734 511 783 aliasque
526 733 673 772 Iuliani
689 734 881 783 epistulas
891 729 937 786 2),
955 734 1124 785 denique
1138 736 1206 773 fol.
1218 737 1321 775 117v
1337 735 1498 774 Libanii
1517 749 1577 787 ep.
1588 738 1684 786 100,

332 795 426 832 120.
453 796 549 832 131.
572 794 667 832 133.
695 794 793 833 259.
820 794 917 832 284.
946 794 1042 833 303.
1070 795 1167 833 304.
1190 796 1286 833 306.
1310 796 1406 834 313.
1430 797 1527 834 323.
1549 797 1682 836 608-

330 853 428 892 610.
443 854 510 891 28.
524 853 591 891 39.
605 853 655 890 61
666 853 777 891 1—6
787 853 850 891 14.
873 853 976 892 Huic
989 853 1056 892 fol.
1069 856 1088 892 1
1098 856 1121 892 2
1131 856 1149 892 1
1167 854 1382 893 succedunt
1393 853 1436 894 ἐκ
1449 870 1501 896 τω
1513 850 1608 906 (sic)
1622 870 1682 894 αι-

330 914 471 951 ammo
485 910 722 963 ἁγροικικῶν
738 910 952 951 ἐπιστολῶν
966 913 1147 963 aliaeque
1164 913 1333 952 aliorum
1352 915 1556 965 epistulae.
1577 913 1684 954 Ordo

328 971 590 1021 epistularum
615 983 704 1009 cum
731 971 767 1009 V
783 972 839 1010 Va
854 972 908 1010 Vo
936 972 1018 1010 fere
1043 973 1275 1022 conspirans
1301 973 1522 1023 dispicitur.
1568 973 1682 1012 Codi-

328 1043 413 1069 cem
433 1043 526 1069 vero
546 1043 623 1068 non
650 1043 697 1069 ex
720 1030 782 1070 his
805 1030 1018 1080 codicibus,
1044 1031 1113 1071 sed
1138 1045 1185 1070 ex
1203 1045 1229 1071 a
1253 1032 1412 1072 fluxisse
1438 1033 1682 1072 demonstra-

328 1092 395 1128 tur
413 1102 502 1129 cum
521 1089 757 1129 lectionibus
779 1090 868 1129 aliis
888 1085 956 1143 (ut
975 1103 1035 1140 ep.
1049 1093 1141 1130 120.
1160 1087 1262 1145 131)
1282 1094 1368 1130 tum
1382 1093 1511 1131 verbis
1526 1105 1585 1142 ep.
1603 1093 1680 1131 133

329 1144 383 1187 δι’
400 1147 495 1188 αὐτὸ
521 1154 635 1188 τοῦτο
662 1148 720 1188 ὅτι
745 1149 889 1204 ῥᾷστον
909 1145 963 1202 (Χ
987 1151 1083 1199 133,
1099 1147 1173 1196 ll)
1195 1151 1238 1189 in
1263 1151 1344 1190 illis
1366 1152 1534 1190 omissis.
1565 1152 1682 1202 Igno-

328 1212 396 1247 tus
421 1209 569 1247 mansit
593 1208 843 1260 Rostgaardo
866 1209 1100 1259 Wolfioque.
1134 1209 1292 1249 Contuli
1320 1223 1354 1249 a.
1377 1212 1503 1250 1895.

389 1268 547 1306 Tertius
572 1267 690 1306 huius
715 1269 870 1320 generis
895 1269 1018 1307 codex
1042 1271 1104 1308 est

393 1328 486 1366 186.
520 1327 705 1366 Atbous
737 1327 921 1366 Laurae
952 1328 995 1367 Ω,
1016 1329 1099 1367 123
1134 1323 1197 1382 (=
1219 1323 1363 1381 Ath)⁸)
1396 1341 1446 1368 sc.
1467 1329 1583 1377 XIII,
1614 1330 1683 1379 qui

329 1388 421 1435 post
449 1386 607 1427 Libanii
633 1390 673 1425 et
699 1386 873 1426 Choricii
903 1389 1105 1427 orationes
1136 1388 1524 1438 declamationesque
1549 1383 1635 1441 (fol.
1660 1393 1678 1427 1

330 1441 496 1498 —203),
504 1446 696 1496 epistulas
706 1446 943 1495 Phalaridis,
952 1447 1157 1497 Apollonii
1167 1447 1331 1497 Tyanei,
1343 1448 1457 1487 Bruti
1468 1446 1555 1498 (fol.
1567 1444 1685 1501 204),

330 1505 488 1555 Synesii
519 1505 712 1555 epistulas
745 1508 785 1544 et
817 1506 1019 1545 orationes
1044 1501 1130 1559 (fol.
1153 1503 1259 1557 224)
1286 1508 1463 1546 continet
1493 1507 1557 1546 folv
1583 1508 1685 1545 272¹

330 1565 474 1603 —328
514 1564 674 1603 Libanii
704 1566 897 1615 epistulas
929 1566 1141 1616 inscriptas
1172 1565 1353 1618 λιβανίου
1387 1572 1457 1606 τοῦ
1493 1572 1683 1616 σοφιστοῦ

329 1621 536 1662 ἐπιστολαί.
583 1623 770 1663 Condicio
795 1624 987 1663 hodierna
1015 1625 1131 1664 huius
1162 1625 1306 1664 codicis
1332 1627 1439 1665 mala
1465 1630 1534 1665 est.
1578 1626 1682 1664 Nam

328 1683 519 1722 foliorum
543 1696 623 1721 non
648 1684 777 1722 solum
802 1684 898 1723 ordo
923 1684 1122 1732 turbatus,
1147 1685 1216 1724 sed
1241 1685 1362 1724 etiam
1387 1686 1591 1735 complura
1617 1685 1681 1723 de-

329 1742 518 1781 trimenta
542 1743 652 1781 facta
677 1745 779 1782 sunt.
812 1744 903 1782 Non
927 1745 1059 1782 minus
1081 1744 1135 1782 35
1156 1744 1256 1782 folia
1281 1745 1323 1782 in
1347 1744 1424 1782 fine
1451 1744 1596 1783 codicis
1620 1757 1682 1782 ex—

329 1802 413 1841 cisa
449 1814 532 1841 esse
575 1801 802 1841 Alexander
837 1803 1045 1841 Lauriotes
1085 1803 1408 1843 bibliothecarius
1447 1806 1487 1842 et
1526 1804 1682 1841 Manuel

330 1860 501 1911 Gedeon,
528 1860 597 1910 qui
622 1862 797 1900 codicem
822 1875 911 1901 mea
929 1875 1048 1901 causa
1073 1862 1340 1912 inspexerunt,
1365 1863 1573 1902 testantur.
1608 1862 1684 1900 Sed

330 1920 452 1958 etiam
486 1919 592 1958 inter
623 1921 721 1959 folia
755 1925 914 1961 servata
948 1921 1064 1960 hodie
1099 1923 1302 1972 complura
1337 1922 1494 1961 absunt.
1548 1921 1684 1960 Prima

329 1979 504 2028 epistula
529 1981 589 2017 est
616 1982 742 2019 1131.
781 1980 1010 2031 Sequuntur
1035 1981 1170 2019 ordine
1197 1982 1278 2020 fere
1303 1981 1439 2020 eodem
1460 1984 1579 2030 atque
1600 1982 1681 2030 epi·

330 2039 460 2077 stulae
478 2038 571 2076 libri
583 2039 641 2077 IV
659 2039 846 2078 Vaticani
861 2042 915 2079 83
938 2040 1030 2079 inde
1050 2052 1075 2078 a
1089 2037 1164 2091 tn':
1187 2041 1478 2080 1132—1134
1508 2041 1684 2079 1136—

335 2098 461 2137 1138.
498 2099 620 2137 1141.
651 2100 775 2137 1142.
805 2100 1110 2148 1145-1147,
1141 2100 1211 2139 sed
1236 2100 1331 2138 haec
1355 2099 1423 2138 fol.
1452 2101 1558 2138 272v
1583 2099 1683 2137 desi-

332 2157 394 2195 nit
417 2157 458 2195 in
484 2157 604 2196 verba
629 2153 706 2210 (Χὶ
728 2159 824 2207 241,
846 2155 891 2209 5)
916 2156 1122 2210 ἠνώχλουν
1146 2157 1334 2206 πεισθεὶς.
1372 2159 1455 2197 Fol.
1479 2159 1562 2196 273
1590 2170 1682 2196 vero

331 2217 475 2266 incipit
499 2217 628 2255 verbis
654 2216 690 2255 εὶ·
714 2215 756 2256 δὲ
776 2216 971 2268 ἀμελήσας
992 2217 1184 2267 Synesii
1206 2231 1266 2268 ep.
1288 2220 1341 2257 57
1363 2231 1399 2268 p.
1423 2218 1520 2264 669,
1548 2219 1602 2255 24
1623 2217 1681 2255 ed.

333 2275 475 2313 Herch.
488 2275 618 2325 Atque
631 2276 723 2315 huic
738 2277 776 2314 in
790 2278 924 2316 eodem
941 2277 1037 2315 folio
1051 2277 1224 2315 succedit
1237 2277 1411 2315 eiusdem
1422 2276 1477 2323 εἰς
1488 2276 1555 2315 τὸν
1569 2275 1683 2314 αὐτο-

395 2366 430 2409 1)
455 2363 561 2399 char.
582 2365 728 2409 epistol.
755 2378 791 2411 p.
810 2370 850 2401 11
877 2378 912 2401 n.
928 2370 984 2400 25.

394 2413 431 2455 2)
455 2411 624 2447 Martinii
650 2414 688 2447 et
712 2413 832 2448 Bassii
858 2412 974 2448 Catal.
1000 2425 1037 2458 p.
1053 2417 1108 2448 93.

394 2461 430 2503 3)
456 2457 509 2493 Cf.
533 2459 591 2494 t.I
610 2463 678 2494 323
704 2472 740 2495 n.
755 2464 813 2496 37.
851 2460 905 2495 De
930 2459 994 2496 fol.
1009 2464 1053 2495 62
1080 2460 1126 2496 cf.
1151 2460 1251 2496 infra
1274 2472 1310 2496 n.
1325 2464 1405 2496 227.
