1872 2924
348 214 370 256 5
388 214 423 249 8.
460 209 524 247 DE
549 209 735 248 comme
758 208 870 246 VAT.
889 211 936 246 88
961 206 1319 245 PROPAGINIBUS
1453 206 1511 249 65

150 301 348 354 epistulae
374 301 443 349 41,
475 312 645 351 quarum
676 312 759 339 una
783 293 941 353 (1342)
973 299 1014 337 in
1047 297 1227 349 margine
1258 296 1409 347 scripta
1439 298 1510 336 est.

151 360 357 412 Epistulas
374 359 553 412 singulas
572 362 780 399 enumerat
793 357 1094 409 Stornajolo,
1113 356 1238 397 Gatal.
1253 356 1434 396 codicum
1452 369 1510 408 gr.

152 420 292 461 Urbin.
315 433 354 472 p.
384 420 480 459 118.
518 418 765 470 Subscriptio
795 419 865 459 fol.
893 418 999 458 185·
1028 415 1152 465 τέλος·
1190 414 1291 457 εἰσὶν
1320 416 1367 456 αἱ
1386 422 1511 457 πᾶσαι

150 478 349 521 ἐπιστολαὶ
373 476 446 530 gf,
471 491 575 530 quae
597 491 794 518 summam
813 478 1079 530 epistularum
1099 477 1154 517 67
1174 476 1339 525 indicat,
1362 477 1422 517 ita
1439 489 1509 527 po·

150 540 232 580 tius
257 539 493 591 explicanda
510 540 599 589 erit,
623 541 671 578 ut
688 538 886 589 epistulae
905 550 1009 588 quae
1027 536 1269 576 antecedunt
1285 535 1377 575 inde
1397 550 1422 576 a
1439 536 1509 576 fol.

153 601 237 640 157
257 597 524 653 ἀνεπίγραφα
541 597 736 638 Demetrii
755 597 927 649 Gydonii
944 597 1120 636 inclusae
1139 598 1222 636 sint
1240 609 1360 647 quam
1380 599 1427 636 ut
1443 595 1511 636 Li-

148 659 262 699 banii
279 658 476 710 epistulae
494 658 686 698 excidisse
705 658 929 698 credantur.
960 657 1065 696 Nam
1085 656 1174 696 folii
1191 657 1341 708 perditi
1354 656 1511 695 nullum

148 718 365 771 vestigium
388 719 510 759 extat.
547 718 785 758 Examinavi
809 718 1043 768 complures.

210 825 289 867 Sed
320 826 371 866 ad
396 825 526 866 Vatic.
549 826 605 866 83
637 826 761 866 etiam
791 826 1013 877 complures
1044 826 1114 866 alii
1146 825 1301 865 codices
1331 825 1512 865 redeunt.

147 886 261 926 Inter
290 898 392 938 quos
416 886 546 936 primo
571 886 658 926 loco
683 886 847 926 nomino
871 887 1029 936 partem
1053 885 1304 936 potissimam
1330 886 1511 938 syllegae

148 946 424 997 epistularum,
449 959 570 997 quam
594 945 754 985 exhibet
778 946 902 985 codex

210 1012 250 1051 8.
267 1011 617 1052 Ambrosianus
636 1011 674 1050 A
696 1012 779 1051 115
801 1024 900 1062 sup.‚
924 1012 1022 1051 olim
1041 1011 1073 1050 Τ
1096 1013 1177 1052 231
1208 1006 1286 1066 (40
1311 1012 1354 1050 in
1378 1011 1498 1051 catal.
1511 1026 1580 1058 471

149 1071 331 1111 Martinii
355 1072 396 1110 et
418 1066 582 1125 Bassfi),
612 1071 737 1111 chart.
762 1071 914 1112 formae
940 1073 1072 1122 quart.
1097 1072 1194 1111 min.
1218 1084 1271 1111 sc.
1296 1071 1383 1122 XV,
1413 1071 1512 1112 olim

149 1129 414 1171 Octaviani
432 1130 649 1171 Ferrarii
667 1133 770 1171 teste
787 1131 1048 1182 inscriptione
1067 1131 1137 1171 fol.
1154 1134 1198 1171 1:
1220 1131 1319 1171 Fuit
1336 1143 1382 1172 a
1399 1132 1513 1172 libris

152 1189 361 1231 Octaviani
378 1191 574 1236 Ferrarii,
599 1191 668 1231 fol.
690 1192 947 1231 203—244v
970 1190 1206 1242 inscriptam
1225 1190 1408 1243 λιβανίου
1427 1189 1512 1232 ἐπι-

149 1250 296 1291 στολαί.
326 1250 580 1290 Anteceth
598 1263 693 1290 sane
713 1250 874 1290 aliunde
893 1253 1077 1302 sumptae
1099 1252 1153 1290 15
1174 1251 1388 1303 epistulae:
1413 1253 1512 1292 352.

152 1311 280 1350 1473.
313 1310 412 1349 841.
447 1311 573 1351 1152.
602 1312 698 1351 131.
725 1311 824 1351 633.
854 1312 980 1351 1280.
1008 1311 1105 1350 164.
1133 1313 1230 1351 312.
1258 1312 1356 1351 388.
1384 1313 1512 1352 1419.

153 1371 280 1410 1438.
310 1371 436 1410 1466.
467 1371 591 1410 1203.
618 1371 703 1410 389
730 1372 772 1410 et
795 1370 1014 1410 succedunt
1032 1370 1136 1410 aliae
1155 1372 1214 1412 40
1232 1372 1330 1411 item
1349 1371 1512 1410 aliunde

149 1431 352 1480 sumptae:
381 1430 418 1469 7.
446 1431 572 1470 1047.
601 1432 700 1471 711.
725 1431 822 1471 136.
845 1432 972 1471 1041.
995 1431 1122 1470 1288.
1143 1432 1242 1471 323.
1264 1433 1392 1471 1202.
1414 1432 1511 1472 746.

153 1490 280 1529 1153.
310 1490 407 1529 125.
436 1490 563 1530 1330.
591 1491 689 1530 909.
718 1491 815 1531 182.
842 1491 911 1531 89.
940 1492 1067 1530 1147.
1096 1492 1223 1531 1027.
1252 1492 1378 1530 1142.
1406 1492 1513 1542 3843

152 1549 267 1588 1156
289 1549 351 1589 W.
369 1550 396 1588 i.
416 1562 449 1589 e.
469 1548 645 1600 Synesii3
672 1551 770 1591 313.
798 1551 895 1590 578.
925 1551 992 1590 19.
1019 1551 1118 1590 210.
1143 1552 1241 1590 617.
1265 1552 1361 1591 143.
1384 1552 1511 1592 1436.

151 1610 279 1649 1425.
313 1609 411 1649 515.
445 1610 733 1661 13551358.
769 1611 896 1650 1237.
926 1610 1024 1650 892.
1053 1609 1121 1650 26.
1149 1611 1254 1661 6473
1284 1623 1423 1651 comm.
1450 1624 1511 1662 ep.

153 1669 227 1718 123
254 1669 352 1708 725.
375 1670 502 1710 1271.
523 1670 620 1710 639.
643 1671 771 1710 1395.
795 1671 922 1720 1408,
946 1669 1016 1709 sed
1042 1682 1147 1720 quae
1172 1671 1279 1710 inter
1302 1670 1375 1710 has
1400 1674 1513 1711 extat

148 1728 306 1779 sylloga
330 1729 605 1779 epistularum,
629 1729 664 1769 si
688 1730 836 1781 excipis
862 1729 1075 1770 secundam
1098 1731 1197 1770 item
1217 1730 1413 1770 Vaticano
1431 1743 1511 1771 ser-

149 1790 287 1827 vatam
308 1782 449 1843 (501),
473 1789 576 1829 nihil
600 1791 660 1829 est
681 1789 760 1829 nisi
779 1790 918 1842 ecloga
940 1790 1025 1829 100
1043 1790 1309 1840 epistularum
1330 1803 1351 1830 e
1369 1790 1474 1831 libro
1493 1789 1513 1830 Ι

150 1845 340 1887 Vaticani
359 1848 414 1888 83
447 1862 508 1899 ep.
531 1850 718 1889 1—325.
752 1849 872 1889 Hunc
896 1852 1049 1900 autem,
1073 1862 1154 1890 non
1184 1849 1384 1903 syllogam
1415 1851 1515 1890 alte-

148 1919 249 1956 ram,
267 1919 370 1958 quae
390 1910 451 1948 est
468 1908 658 1948 Vaticani
677 1909 733 1948 85
759 1911 800 1949 et
818 1909 1017 1959 Vossiani‚
1041 1910 1193 1949 fontem
1217 1910 1341 1950 fuisse
1364 1910 1513 1950 indicio

149 1968 213 2006 est
237 1979 298 2017 ep.
320 1968 404 2007 636
432 1980 557 2019 aeque
582 1969 625 2007 in
651 1968 743 2009 Vat.
764 1970 834 2018 83,
864 1982 944 2010 non
969 1968 1012 2007 in
1043 1969 1104 2009 Va
1129 1971 1170 2008 et
1201 1969 1270 2020 Vo,
1294 1970 1400 2009 inter
1426 1971 1512 2010 254

150 2026 194 2065 et
219 2027 304 2066 256
331 2026 462 2067 obvia.
499 2027 689 2079 Idemque
718 2028 909 2069 lectiones
935 2026 1046 2079 ipsae
1071 2030 1263 2069 evincunt
1286 2029 1394 2069 inter
1416 2030 1512 2069 Am-

149 2084 381 2126 brosianum
406 2089 447 2126 et
479 2087 516 2126 V
537 2090 798 2140 congruentes
822 2084 904 2143 (ep.
926 2090 1023 2128 167.
1046 2086 1164 2143 193).
1202 2089 1453 2131 Examinavi.

211 2145 313 2185 Item
339 2159 364 2186 a
395 2147 432 2185 V
452 2147 670 2198 repetenda
694 2149 755 2187 est
779 2148 929 2200 ecloga,
954 2161 1078 2200 quam
1102 2148 1269 2200 praebet

213 2212 251 2251 9.
275 2210 532 2252 Parisinus
557 2226 614 2264 gr.
637 2214 751 2253 2022
779 2214 903 2254 chart.
929 2214 1082 2254 formae
1106 2216 1182 2255 oct.
1208 2227 1301 2255 mai.
1328 2227 1380 2256 sc.
1405 2215 1585 2258 XIV⁴72

148 2269 247 2309 olim
282 2270 740 2322 Fonteblandensis‚
773 2276 914 2324 postea
950 2274 1124 2315 numeris
1158 2273 1380 2314 DLXVIII.
1413 2276 1512 2317 608.

150 2330 268 2369 3013
299 2327 528 2383 insignitus,
558 2332 629 2383 qui
660 2333 838 2373 confinet
866 2333 937 2374 fol.
960 2334 1203 2374 157-169'
1234 2334 1428 2385 epistulas
1455 2337 1511 2375 65

148 2389 363 2441 inscriptas
387 2388 436 2431 ἐκ
460 2396 552 2431 τῶν
576 2397 659 2432 τοῦ
679 2392 903 2445 λιβανίου
921 2391 1195 2434 ἐπιστολῶν.
1230 2394 1406 2434 Nomina
1425 2396 1514 2446 qui-

148 2447 240 2488 dem
271 2461 406 2489 eorum
432 2450 483 2490 ad
509 2463 609 2502 quos
634 2451 831 2503 epistulae
857 2454 1030 2504 scriptae
1055 2456 1150 2494 sunt
1174 2456 1338 2505 excepto
1363 2458 1513 2495 Διονυ-
