1872 2924
346 227 404 270 82
648 226 1016 264 PROLEGOMENA
1040 227 1106 263 AD
1130 227 1391 264 EPISTULAS

347 315 519 368 gaardus
544 317 630 366 ipse
648 318 691 355 in
711 317 957 367 apographo,
984 315 1088 366 quod
1110 312 1311 355 volumine
1330 315 1460 366 primo
1473 320 1715 368 apparatus.

346 375 464 414 hodie
493 376 537 414 in
561 375 803 415 bibliotheca
825 376 937 427 regia
961 375 1183 414 Havniensi
1207 376 1355 415 servati
1379 375 1615 427 continetur,
1645 378 1699 417 ad

345 434 558 485 epistulam
576 432 648 487 ρθ’
659 434 885 474 adnotavit:
905 435 1041 485 „Haec
1059 437 1113 474 est
1123 435 1259 483 prima
1278 435 1439 484 epistola
1452 446 1587 475 earwm
1599 449 1699 486 Quae

345 506 400 545 ad
424 506 692 555 apoqraphum
716 507 801 545 Dm·
818 506 986 545 Ioannis
1004 506 1181 545 Boivim'i
1198 506 1412 554 descriptae
1434 509 1537 552 sunt,
1560 506 1699 547 ultima

345 567 475 604 autem
493 568 548 604 est
565 562 659 605 ποθ’
671 560 897 620 Ἀνατολίῳ·
930 564 1044 604 Kaloi
1062 578 1104 617 γε
1123 575 1185 604 σοι
1203 563 1249 603 τὰ
1265 563 1555 618 πεπραγμένα.“
1580 566 1695 606 Rost-

345 624 518 676 gaardus
548 624 613 663 hic
643 624 727 663 illic
757 625 947 664 lectiones
971 624 1103 663 varias
1128 623 1307 663 codicum
1331 624 1699 675 Ambrosianorum,

343 683 717 733 Laurentianorum,
747 684 1048 734 Vaticanorum,
1078 683 1374 731 Mutinensium‚
1405 682 1698 734 Gasanatensis‚

343 742 666 792 Bodleianorum‚
683 742 883 791 Vossiani‚
909 742 1180 782 Parisinorum
1204 744 1247 781 in
1271 743 1452 794 margine
1476 742 1696 783 adnotavit.

344 801 511 841 Wolfius
536 815 616 841 non
642 802 775 842 codice
798 802 900 852 ips0‚
924 802 993 842 sed
1023 802 1253 854 apographo
1278 802 1596 854 Rostgaardiano
1620 815 1694 854 pro

345 861 607 913 fundamento
626 861 814 901 editionis
829 860 1232 901 Amstelaedamensis
1251 861 1512 911 epistularum
1532 874 1636 912 quae
1653 862 1696 901 in

344 933 391 960 eo
417 923 555 960 extant
579 921 716 960 ordine
740 922 822 961 fere
846 923 1001 960 retento
1025 933 1120 960 usus
1145 922 1216 959 est.

407 979 558 1020 Ultimo
589 981 676 1020 loco
707 980 935 1031 proferatur
965 980 1084 1020 codex
1117 992 1138 1019 e
1166 979 1346 1020 Parisino
1370 981 1497 1033 Regio
1521 980 1696 1020 Maximo

344 1051 425 1078 non
450 1039 612 1090 quidem
636 1039 870 1090 descriptus,
893 1039 962 1079 sed
986 1041 1191 1089 excerptus

406 1100 474 1138 30.
502 1099 771 1139 Vaticanus
796 1099 1054 1138 Palatinus
1073 1111 1131 1150 gr.
1152 1093 1281 1152 275¹)
1303 1100 1396 1148 post
1414 1111 1449 1138 a.
1472 1099 1584 1138 1463
1606 1111 1695 1138 exa-

343 1160 457 1197 ratus
483 1171 508 1198 a
531 1158 767 1198 Michaele
785 1157 1038 1209 Apostole,
1064 1158 1134 1208 qui
1156 1157 1226 1198 fol.
1248 1158 1492 1197 sev—176*
1516 1157 1694 1210 eclogam

342 1217 510 1268 praebet
535 1219 621 1258 200
652 1218 918 1269 epistularum
947 1217 1183 1267 inscriptam
1205 1216 1387 1269 λιβανίου
1413 1222 1604 1268 σοφιστοῦ
1627 1215 1696 1256 καὶ

342 1276 588 1329 κοιαίστορος
610 1275 821 1328 ἐπιστολαί,
848 1290 1017 1327 quarum
1033 1277 1165 1327 prima
1184 1289 1242 1326 ep.
1266 1278 1305 1328 1,
1327 1276 1473 1316 ultima
1492 1289 1616 1327 aeque
1635 1277 1696 1315 at-

344 1349 422 1387 que
448 1337 492 1375 in
515 1336 696 1376 Parisino
722 1349 782 1387 ep.
805 1337 920 1376 1110
945 1338 1016 1376 est.
1054 1335 1190 1386 Aeque
1210 1338 1332 1386 atque
1350 1335 1393 1375 in
1410 1336 1482 1375 illo
1500 1335 1695 1375 librorum

343 1395 488 1436 divisio
512 1396 643 1446 deest3
666 1396 821 1435 numeri
846 1396 1109 1446 epistularum
1132 1407 1224 1434 cum
1241 1394 1467 1435 nominibus
1486 1407 1623 1434 eorum
1642 1395 1695 1433 ad

343 1467 443 1506 quos
468 1455 586 1495 datae
611 1457 707 1495 sunt
730 1455 831 1494 serie
862 1456 1050 1494 continua
1074 1454 1125 1494 ab
1150 1449 1194 1493 α’
1214 1466 1336 1505 usque
1361 1453 1413 1493 ad
1437 1450 1478 1493 σ’
1501 1453 1694 1494 rubricati

343 1516 447 1554 sunt.
479 1512 668 1554 Ordinem
687 1517 848 1554 servant
866 1514 1041 1555 Parisini
1059 1514 1223 1564 excepto
1243 1513 1349 1564 quod
1362 1526 1421 1564 ep.
1437 1514 1520 1553 247
1536 1513 1694 1552 demum

341 1573 449 1612 inter
474 1575 558 1614 923
591 1576 632 1613 et
657 1575 741 1613 924
768 1576 890 1624 atque
914 1586 973 1624 ep.
996 1575 1082 1614 610
1105 1574 1210 1612 inter
1238 1573 1349 1612 1051
1378 1573 1419 1612 et
1446 1574 1559 1612 1068
1585 1574 1695 1624 post-

341 1633 459 1673 modo
487 1633 622 1674 locum
646 1635 893 1673 invenerunt.
933 1632 1110 1685 Singulis
1135 1644 1237 1682 quae
1262 1645 1308 1672 eo
1334 1632 1588 1671 continentur
1611 1632 1694 1682 epi-

342 1692 459 1733 stulis
471 1692 547 1733 hoc
559 1693 646 1733 loco
657 1692 936 1732 enumerandis
946 1691 1198 1743 supersedere
1206 1703 1427 1742 possumus.
1446 1691 1694 1730 Examinavi.

399 1787 452 1826 Π.
479 1787 701 1828 Secundum
731 1789 865 1827 locum
894 1787 1001 1826 inter
1030 1786 1183 1827 codices
1208 1799 1229 1825 e
1254 1785 1450 1826 Vossiano
1476 1785 1694 1836 descriptos

342 1848 453 1886 tenet

271 1912 341 1945 486
404 1906 472 1945 31.
498 1906 766 1947 Vaticanus
791 1906 1002 1946 Urbinas
1033 1906 1196 1957 gr.127
1231 1905 1353 1944 chart
1380 1905 1530 1943 formae
1562 1905 1692 1953 quart.

341 1966 435 2004 mai.
455 1965 504 2005 ab
524 1966 661 2005 eodem
679 1966 752 2005 illo
770 1965 1006 2005 Michaele
1023 1964 1257 2015 Apostole
1275 1965 1460 2003 exaratus
1479 1964 1580 2002 teste
1600 1962 1691 2002 sub-

342 2024 558 2075 scriptione
582 2025 652 2065 fol.
673 2027 757 2065 219
784 2026 972 2077 μιχαῆλος
997 2021 1216 2075 ὼτοστόλης
1240 2021 1464 2075 βυζάντιος’
1499 2019 1594 2073 μετὰ
1618 2021 1692 2072 τὴν

341 2089 412 2136 τῆς
440 2082 565 2124 αὐτοῦ
592 2084 779 2137 πατρίδος
804 2083 951 2124 ἅλωσιν
974 2082 1090 2123 πενία
1113 2083 1241 2130 συζῶν
1265 2080 1332 2121 καὶ
1354 2080 1443 2121 τόδε
1466 2079 1510 2120 τὸ
1535 2079 1691 2133 βιβλίον

342 2141 568 2197 ἐξέγραψεν.
604 2144 819 2194 Inscriptio
843 2143 912 2182 fol.
936 2145 957 2182 1
986 2144 1047 2182 est
1069 2140 1251 2194 λιβανίου
1276 2145 1466 2192 σοφιστοῦ
1484 2138 1550 2179 καὶ
1569 2139 1690 2180 ,comc-

342 2213 480 2255 στορος
510 2201 726 2243 ἐπιστολαίε
758 2202 906 2242 Statim
933 2203 1157 2253 sequuntur
1181 2213 1240 2251 ep,
1262 2201 1406 2240 1-17.
1434 2200 1610 2239 19-28.-
1635 2199 1692 2238 30

339 2262 458 2301 -96,
495 2262 582 2302 Hae
613 2262 792 2302 efficiunt
821 2261 970 2301 librum
1000 2261 1185 2312 primum.
1226 2259 1431 2310 Epistulas
1466 2260 1518 2298 17
1553 2258 1596 2296 in
1634 2257 1691 2297 Vo

340 2322 578 2371 praemissas
602 2334 691 2361 cum
716 2321 901 2372 epistulis
924 2333 979 2374 my
1000 2320 1095 2359 libri
1118 2319 1245 2370 ipsius
1262 2319 1305 2357 in
1327 2330 1454 2357 unum
1473 2317 1688 2357 coniunxit.

341 2380 555 2420 Praeteriit
579 2394 639 2432 ep.
655 2383 707 2420 29
728 2382 771 2420 in
795 2377 853 2420 Vo
872 2381 1127 2431 superstitem
1144 2379 1191 2417 ut
1208 2379 1489 2429 fragmentum.
1524 2376 1689 2427 Epistu-

401 2474 436 2516 ι)
461 2469 516 2506 cf.
540 2472 568 2506 t.
592 2471 627 2506 11
654 2474 721 2506 192
747 2483 782 2506 n.
803 2474 858 2506 42.
