1872 2924
334 226 420 268 192
637 224 1004 261 PROLEGOMENA
1030 225 1095 260 AD
1122 225 1380 262 EPISTULAS

329 313 499 353 Libanio
531 313 779 353 conversatio
805 314 897 364 fuit,
929 313 1054 362 abest,
1086 314 1183 364 quin
1209 315 1331 353 etiam
1348 308 1486 354 'forma
1511 317 1682 357 nominis

328 374 401 411 illo
420 375 599 423 tempore
618 373 803 411 inaudita
822 374 894 412 est.
932 372 1057 412 Stilus
1077 373 1271 423 epistulae
1291 386 1315 412 a
1334 374 1503 414 Libanio
1521 388 1682 425 prorsus

328 433 533 471 abhorret.
569 432 837 471 Enuntiatum
861 434 944 470 tam
970 432 1277 482 incompositum
1303 446 1423 483 quam
1448 435 1556 484 quod
1573 437 1615 474 in
1635 449 1683 475 ea

330 491 478 543 legitur
506 494 526 530 t
557 491 614 529 XI
640 492 739 540 564,
758 493 873 529 2-6
910 486 951 530 οἶ
981 489 1406 543 μὲν-ἀποφήνασθαι
1434 494 1540 543 apud
1565 494 1682 534 Liba-

330 551 443 589 nium
476 552 626 591 frustra
660 563 837 600 quaeres
882 549 961 588 Sed
994 552 1115 589 etiam
1150 551 1344 591 vocabula
1376 550 1610 603 ἀηδίζεσθαι
1643 559 1685 594 et

329 609 554 662 παραπλήξ,
583 611 804 649 locutiones
829 607 987 649 ὠδίνειν
1011 610 1109 650 κατά
1133 624 1253 662 τινος,
1282 610 1330 665 τὰ
1354 614 1405 665 τῷ
1426 609 1598 668 ἡμετέρῳ
1623 612 1682 652 δι-

329 670 428 723 καίῳ
455 667 694 722 διαφέροντα
719 673 858 720 (quae
884 670 1067 708 nostris
1089 669 1276 709 iuribus
1297 653 1620 725 conveniunt),
1645 672 1688 712 οἵ

326 727 647 784 ἐκδεδιῃτημένοι
671 727 718 767 τὰ
743 723 834 780 ὦτα,
860 729 1031 779 denique
1054 727 1221 768 κατόπιν
1245 729 1472 781 significans
1497 732 1683 771 confes-

330 789 415 826 tim
447 801 472 826 a
498 788 664 827 Libanio
696 788 829 827 aliena
859 791 963 827 sunt.
1002 789 1232 855 Epistulam
1263 791 1398 827 autem
1428 802 1507 828 non
1534 790 1683 840 fictam,

330 848 400 886 sed
426 847 475 888 ab
501 848 580 886 alio
607 848 798 897 scriptam
824 859 908 886 esse
933 860 1005 886 nec
1024 847 1100 886 nisi
1120 860 1213 887 casu
1232 849 1339 887 inter
1357 847 1598 889 Libanianas
1616 863 1682 890 ve-

330 907 434 945 nisse
462 908 570 956 apud
595 919 658 945 me
684 908 850 946 constat.
887 906 1076 958 Syllogae
1100 907 1218 946 huius
1243 908 1389 947 codicis
1415 909 1683 959 concinnator,

330 967 401 1016 qui
426 967 602 1017 eclogam
625 966 943 1016 Lacapenianam
964 967 1147 1016 epistulis
1166 967 1340 1017 undique
1360 968 1535 1007 collectis
1554 969 1682 1008 nullo·

329 1039 408 1076 que
434 1026 570 1064 ordine
589 1026 819 1075 compositis
838 1038 984 1076 augere
1004 1025 1169 1075 studuit,
1193 1027 1310 1065 facile
1329 1027 1449 1066 etiam
1470 1028 1683 1077 epistulam

327 1086 432 1124 alius
464 1085 630 1136 originis
661 1097 734 1135 pro
769 1085 990 1124 Libaniana
1020 1085 1193 1124 inserere
1224 1086 1368 1135 potuit.
1406 1087 1591 1125 Fortasse
1622 1089 1683 1126 est

330 1145 568 1183 Demetrii
590 1143 812 1194 Cydonii‚
838 1145 949 1184 cuius
975 1145 1197 1195 complures
1221 1145 1381 1184 Libanii
1407 1146 1590 1196 epistulis
1608 1145 1682 1185 im·

330 1204 474 1242 mixtas
499 1199 885 1254 deprehendimus1).

388 1263 497 1301 Idem
523 1263 780 1302 statuendum
806 1262 964 1303 videtur
994 1263 1042 1302 de
1074 1276 1132 1313 ep.
1153 1256 1444 1312 IMfl—1549,
1475 1276 1574 1314 quas
1599 1277 1681 1303 me-

331 1323 418 1361 dias
441 1322 550 1362 inter
577 1322 816 1362 Libanianas
842 1323 910 1362 fol.
933 1324 1203 1362 117'—120¹
1226 1323 1392 1373 praebet
1416 1324 1536 1362 codex

391 1383 487 1421 278.
533 1382 897 1421 Coislinianus
927 1383 1010 1421 349
1052 1377 1117 1434 (=
1143 1377 1217 1432 Co)
1255 1395 1309 1422 sc.
1333 1377 1456 1435 Xv2)
1496 1395 1683 1432 quarum-

331 1454 407 1491 que
436 1443 518 1480 tres
550 1442 712 1480 ultimas
737 1441 906 1481 Wolfius
932 1454 978 1479 ex
1004 1442 1236 1492 apographo
1262 1441 1455 1480 Bernardi
1479 1441 1527 1480 de
1553 1441 1681 1481 Monte

329 1501 474 1539 faucon
498 1500 570 1540 sub
589 1502 940 1540 n.1577—-1579
962 1500 1097 1541 edidit.
1134 1500 1334 1540 Secundae
1354 1504 1395 1539 et
1414 1502 1580 1551 quartae
1600 1502 1682 1551 epi-

329 1560 459 1599 stulae
494 1560 690 1610 originem
725 1555 1029 1614 christianam³)
1065 1560 1127 1599 vel
1159 1561 1377 1600 locutiones
1407 1558 1592 1612 εὔχεσθαι
1624 1561 1690 1600 δεῖ

328 1622 380 1673 τῷ
397 1622 479 1659 θεῶ
497 1622 537 1658 et
555 1618 753 1671 εὐχόμεθα
772 1622 825 1674 τῷ
845 1623 928 1674 θεῷ
947 1614 1183 1673 produnt4);
1203 1619 1324 1659 tertia
1337 1621 1469 1658 autem
1484 1619 1532 1658 de
1545 1619 1682 1658 morbo

326 1679 513 1728 queritur
532 1691 622 1727 non,
643 1680 712 1728 qui
731 1679 810 1718 fuit
829 1678 1001 1727 Libanii‚
1025 1679 1233 1729 vertigine,
1253 1679 1322 1718 sed
1340 1679 1475 1718 dolore
1495 1678 1639 1729 capitis
1658 1691 1682 1718 a

327 1738 567 1776 difficultate
582 1738 853 1788 concoquendi
863 1734 1118 1792 (dyspepsia)
1127 1738 1352 1788 repetendo.
1363 1738 1497 1777 Prima
1510 1738 1681 1789 denique

327 1797 434 1846 quod
462 1797 620 1836 Libanii
649 1798 877 1848 pomarium
908 1799 1030 1836 fuisse
1065 1798 1192 1849 ponit,
1223 1810 1248 1836 a
1274 1810 1367 1837 vero
1393 1797 1584 1836 absonum
1610 1799 1680 1836 est.

328 1855 480 1901 Quarta
511 1860 644 1895 autem
676 1869 816 1895 revera
841 1862 902 1896 est
926 1857 1161 1896 Demetrii
1187 1856 1409 1908 Cydonii,
1440 1859 1488 1895 ut
1513 1860 1682 1906 apparet

391 1938 424 1977 1)
450 1934 569 1978 Supra
593 1946 629 1979 p.
653 1938 720 1969 162
746 1947 781 1969 n.
807 1938 870 1970 181
897 1939 936 1970 et
959 1935 1061 1970 inira
1085 1935 1154 1970 sub
1176 1946 1212 1970 n.
1233 1938 1313 1970 278.

389 1983 424 2026 2)
451 1981 570 2026 Supra
595 1994 628 2027 p.
653 1985 719 2016 177
745 1994 782 2017 n.
803 1986 883 2017 204.

389 2031 425 2073 3)
444 2028 541 2063 Nam
566 2028 761 2064 Libanium
787 2029 901 2065 sacris
927 2028 1155 2065 christianae
1181 2028 1374 2075 religionis
1393 2028 1581 2064 imbutum
1599 2039 1680 2064 esse

328 2075 459 2111 fabu¹a
489 2078 547 2112 est
572 2076 833 2112 commenticia
858 2076 1171 2122 Amphilochii
1195 2077 1261 2121 qui
1285 2076 1402 2112 fertur
1426 2079 1556 2112 auctor
1581 2076 1680 2111 vitae

327 2122 460 2158 Basilii
485 2124 624 2168 quique
650 2124 698 2159 ab
722 2124 792 2159 hoc
815 2126 982 2170 pendent
1007 2124 1230 2169 interpretes
1250 2123 1361 2159 latini
1386 2124 1424 2159 et
1447 2125 1577 2159 auctor
1600 2135 1680 2168 my-

327 2172 433 2216 sterii
458 2172 586 2217 gallici
612 2182 662 2207 sc.
684 2171 778 2215 XlV,
811 2172 858 2207 de
889 2171 1025 2217 quibus
1052 2172 1179 2207 confer
1203 2181 1301 2216 quae
1327 2171 1405 2206 dixi
1429 2171 1467 2206 in
1495 2181 1680 2207 commen·

325 2219 473 2254 tatione
493 2219 676 2264 inscripta
696 2219 844 2254 ‘Kaiser
861 2219 983 2254 Iulian
1002 2219 1040 2254 in
1062 2219 1129 2255 der
1149 2218 1339 2264 Dichtung
1357 2218 1454 2253 alter
1471 2218 1548 2253 und
1567 2228 1681 2254 neuer

328 2265 424 2300 Zeit‘
459 2266 632 2311 (Studien
663 2278 728 2302 zur
762 2266 1074 2313 vergleichenden
1104 2265 1506 2312 Literaturgeschichte
1531 2265 1577 2311 V)
1601 2276 1639 2310 p
1660 2267 1679 2298 7

325 2314 368 2348 et
394 2316 448 2348 17.

389 2364 423 2399 4)
451 2360 676 2405 Monnerius,
707 2360 874 2396 Histoire
905 2361 951 2397 de
982 2361 1162 2396 Libanius
1195 2363 1262 2396 176
1294 2361 1480 2406 quomodo
1512 2358 1679 2394 animum

328 2408 516 2444 adduceie
541 2409 707 2452 potuerit
731 2412 775 2444 ut
799 2413 968 2454 ep.1547
994 2408 1249 2454 fragmentum
1274 2418 1354 2443 esse
1380 2406 1560 2443 orationis
1580 2404 1681 2441 dice-

327 2457 398 2498 ret,
423 2466 496 2491 non
522 2455 714 2502 intellego.
