1872 2924
360 213 417 256 92
664 213 1028 250 PROLEGOMENA
1053 214 1119 249 AD
1145 214 1406 250 EPISTULAS

358 302 560 340 nullarum
591 303 851 352 epistularum
882 305 923 341 et
951 303 1158 342 initiorum
1196 303 1371 342 omnium
1402 303 1548 348 codicis
1584 304 1713 354 ipsius·

358 362 499 400 nactus
525 373 644 400 eram,

417 420 477 459 De
508 420 636 459 altera
666 420 822 471 sylloga
852 421 969 460 huius
1001 421 1146 460 codicis
1175 417 1322 473 (Mon)
1354 422 1459 460 infra
1490 421 1562 460 sub
1594 435 1631 460 n.
1654 423 1710 460 95

357 479 481 518 verba
504 479 611 518 fient.

414 538 448 576 Ε
474 539 563 583 Μοῑ
588 539 809 589 descriptus
835 540 895 577 est
919 539 1041 578 codex

285 609 354 642 498
416 603 484 641 48.
510 602 782 642 Vaticanus
814 603 1073 643 Palatinus
1105 617 1164 654 gr.
1187 605 1269 642 146
1303 605 1426 644 chart.
1451 606 1603 643 formae
1634 608 1713 643 oct.

355 674 406 702 sc.
429 662 515 712 XV,
543 663 613 712 qui
638 664 817 702 continet
841 663 909 701 fol.
931 664 1163 702 233—252
1191 664 1462 714 inscriptione,
1488 664 1552 703 cui
1576 665 1708 703 tamen

354 721 529 772 spatium
547 722 731 760 relictum
745 724 817 770 est,
837 724 1013 762 carentes
1028 723 1082 760 46
1105 722 1297 772 epistulas
1310 718 1587 775 (615-660),
1605 735 1711 773 quae

354 793 444 819 cum
471 781 539 820 fol.
563 781 646 819 252
673 781 715 819 in
741 781 864 821 verba
882 780 980 833 πρὸς
999 782 1214 833 λυσίμαχον
1232 777 1344 821 εἶπον
1363 778 1439 835 (XI
1460 783 1558 831 603,
1573 777 1619 835 2)
1644 782 1709 820 de-

354 840 461 879 sinit.
487 840 660 890 Reliqua
678 840 895 891 perierunt.
923 840 1130 890 Scriptura
1149 841 1254 880 bona
1266 841 1438 891 quidem,
1457 841 1526 880 sed
1537 841 1710 881 hominis

353 911 519 950 graecae
553 899 715 951 linguae
748 913 893 951 parum
928 901 1044 950 gnari
1075 902 1145 939 est.
1192 900 1333 950 Itaque
1366 902 1531 950 peccata
1564 900 1714 939 codicis

354 958 603 1008 Mosquensis
622 972 702 998 non
724 959 851 998 solum
871 959 1056 1007 reddidit,
1076 959 1144 998 sed
1163 960 1284 998 etiam
1303 960 1425 999 auxit.
1461 959 1708 999 Examinavi.

411 1018 527 1057 Alter
545 1019 678 1067 codex,
700 1019 768 1068 qui
789 1031 809 1056 e
829 1018 855 1057 d
874 1018 1000 1067 fiuxit,
1019 1021 1079 1058 est
1098 1019 1253 1070 sylloga
1270 1020 1401 1068 prima
1420 1032 1440 1057 e
1459 1018 1589 1058 tribus
1610 1031 1711 1069 quas

353 1079 533 1116 continet
558 1078 679 1116 codex

413 1144 481 1181 49.
496 1143 770 1181 Marcianus
784 1156 846 1194 gr.
863 1144 923 1181 44
937 1146 956 1181 1
970 1137 1005 1195 ²)
1019 1138 1178 1195 (=Ma)
1193 1142 1264 1182 sub
1278 1142 1395 1181 finem
1415 1142 1569 1182 sc.XIV
1581 1142 1707 1181 nitide

353 1203 549 1240 exaratus.
577 1201 784 1252 Epistulae
796 1202 1012 1252 inscriptae
1025 1200 1221 1241 ἐπιστολαὶ
1233 1202 1415 1254 λιβανίου
1430 1207 1620 1249 σοφιστοῦ
1638 1203 1709 1241 fol.

353 1261 528 1299 3—198
549 1261 854 1310 comprehensae
873 1263 1061 1311 quattuor
1074 1261 1256 1300 manibus
1267 1261 1442 1300 eiusdem
1456 1263 1600 1300 aetatis
1615 1274 1707 1300 exa-

351 1322 463 1358 ratae
478 1322 589 1358 sunt:
603 1314 769 1370 α-σπβ’
783 1315 868 1372 (fol.
887 1315 1088 1373 l—ssgv)
1100 1320 1241 1371 prima,
1256 1318 1429 1373 σπγ-τί
1443 1316 1486 1373 (1
1497 1322 1707 1359 13---12211

352 1391 477 1429 usque
504 1379 553 1417 ad
580 1393 639 1429 ep.
664 1381 746 1418 143
775 1376 828 1432 (Χ
852 1381 949 1428 140,
965 1374 1039 1432 10)
1065 1384 1143 1418 τῶν
1167 1385 1328 1430 μουσῶν
1353 1376 1497 1432 ἔοικεν)
1523 1379 1710 1429 secunda,

351 1438 547 1488 epistulae
573 1439 640 1478 fol.
664 1440 914 1478 122V—146
935 1439 1067 1488 tertia,
1091 1439 1160 1478 fol.
1183 1440 1413 1478 147—198
1435 1441 1588 1489 quarta.
1626 1439 1705 1478 No-

351 1498 461 1536 mina
493 1510 627 1536 eorum
661 1498 711 1536 ad
744 1510 842 1548 quos
875 1499 1068 1548 epistulae
1101 1498 1218 1537 datae
1243 1501 1352 1547 sunt,
1384 1499 1537 1537 numeri
1561 1500 1707 1549 margi-

351 1557 474 1606 nales,
499 1557 659 1596 litterae
684 1558 861 1595 initiales
886 1570 1020 1596 earum
1046 1557 1249 1596 rubricata
1273 1560 1375 1596 sunt.
1413 1558 1490 1596 Hic
1516 1558 1599 1596 illic
1624 1570 1707 1596 cor-

350 1618 482 1655 rectus
515 1619 575 1656 est
605 1629 725 1655 manu
751 1617 932 1655 secunda.
967 1616 1185 1655 Universae
1195 1611 1229 1670 ²)
1255 1620 1347 1656 sunt
1378 1617 1572 1667 epistulae
1599 1618 1710 1655 481:

351 1677 481 1725 prima
495 1678 554 1714 est
565 1689 623 1726 ep.
635 1677 735 1725 222,
746 1676 890 1714 ultima
902 1677 999 1715 651.
1013 1676 1073 1715 Ac
1085 1676 1215 1726 prima
1229 1676 1388 1726 quidem
1400 1689 1493 1726 pars
1504 1670 1707 1729 (α-ρμδ’)

353 1747 372 1772 e
399 1734 531 1773 codice
558 1736 583 1773 d
609 1737 794 1785 excerpta
818 1737 889 1785 est,
914 1735 981 1773 sed
1008 1749 1066 1785 ep.
1091 1737 1323 1774 120—132
1350 1749 1396 1774 ex
1422 1735 1560 1786 ecloga
1581 1735 1706 1774 Laca-

351 1796 525 1843 peniana
557 1794 730 1833 insertae
765 1796 868 1834 sunt.
913 1795 1095 1833 Secunda
1131 1807 1224 1845 pars
1259 1789 1551 1848 (ρμε-σπβ’),
1593 1794 1708 1833 cuius

352 1853 481 1902 prima
507 1856 568 1892 est
594 1866 653 1903 ep.
676 1855 778 1903 375,
808 1853 952 1892 ultima
980 1855 1112 1903 1133,
1144 1867 1190 1893 ex
1222 1854 1358 1892 eodem
1383 1867 1463 1904 quo
1488 1853 1709 1892 Vaticanus

352 1925 410 1963 gr.
425 1913 508 1951 943
531 1914 710 1963 exemplo
724 1915 907 1963 excerpta
922 1916 992 1952 est.
1013 1913 1149 1951 Tertia
1167 1926 1260 1963 pars
1273 1909 1431 1965 (σπγ-ὰ
1447 1908 1575 1965 υπα’),
1594 1912 1710 1950 cuius

351 1971 482 2021 prima
508 1975 570 2011 est
588 1985 646 2023 ep.
665 1973 763 2021 617,
782 1972 926 2011 ultima
947 1973 1044 2021 651,
1070 1985 1090 2011 e
1110 1973 1266 2022 sylloga
1284 1972 1562 2022 Lacapeniana
1579 1972 1709 2019 fiuxit,

352 2030 420 2069 sed
451 2031 523 2070 sub
553 2031 671 2070 finem
702 2031 849 2070 iterum
880 2032 1094 2071 nonnullae
1125 2045 1171 2069 ex
1196 2032 1375 2081 exemplo
1399 2031 1586 2070 Vaticani
1620 2032 1703 2070 943

352 2091 522 2128 insertae
548 2093 651 2130 sunt.
689 2091 786 2129 Inde
813 2091 919 2140 quod
943 2091 1078 2141 plures
1104 2091 1281 2142 syllogae
1306 2092 1347 2129 in
1373 2104 1494 2129 unam
1513 2089 1708 2129 conflatae

351 2203 416 2260 sed
450 2203 500 2270 det
522 2204 685 2240 Iacobo
710 2204 828 2240 Adert
859 2205 1042 2252 <‚,ancien
1066 2206 1261 2241 Directeur
1285 2204 1337 2240 du
1361 2204 1550 2241 «Journal
1568 2204 1612 2240 de
1637 2203 1706 2239 Ge-

348 2250 529 2342 nevssh).
545 2250 676 2334 fvffl
698 2303 742 2334 13
767 2311 802 2333 n.
824 2302 905 2335 280.

410 2348 445 2390 2)
470 2345 584 2380 Initia
609 2346 856 2391 epistularum
881 2348 920 2382 et
943 2346 1098 2382 nomina
1123 2358 1249 2381 eorum
1275 2346 1323 2381 ad
1348 2357 1442 2391 quos
1469 2345 1580 2380 datae
1606 2347 1707 2388 sunt,

350 2393 415 2427 sed
441 2393 534 2427 haec
559 2392 677 2428 latine
704 2394 742 2428 in
769 2393 941 2440 catalogo
966 2394 1219 2429 bibliothecae
1244 2393 1458 2428 Marcianae
1484 2391 1708 2427 Zanettiano

350 2439 493 2484 publici
518 2440 610 2475 iuris
634 2441 737 2476 facta
761 2443 858 2476 sunt.
