1872 2924
351 227 373 268 7
379 228 405 268 6
650 226 1012 263 PROLEGOMENA
1040 228 1106 263 AD
1132 228 1392 264 EPISTULAS

348 314 620 353 recentissima
634 311 697 367 (=
712 310 787 368 m⁵)
802 317 917 366 nigro
930 328 1004 354 usa
1016 318 1085 354 est.
1108 310 1307 356 Scholium
1330 331 1353 357 a
1365 332 1482 357 manu
1507 322 1531 359 5
1545 321 1696 370 profec-

349 376 435 411 tum
468 379 544 412 νῦν
569 373 727 426 γράψας
751 373 804 425 μὴ
823 374 989 426 γράφων
1015 375 1203 428 πρότερον
1233 378 1274 415 in
1301 391 1360 427 ep.
1384 379 1465 417 707
1492 393 1530 429 p.
1552 381 1648 428 718,
1670 382 1694 419 8

350 433 390 470 in
409 434 560 471 textum
575 433 814 472 Wolfianum
834 434 1004 483 irrepsit.
1033 433 1215 474 Codicem
1230 449 1309 475 non
1324 451 1344 476 e
1365 438 1435 487 Va,
1454 438 1545 476 dum
1561 440 1595 477 is
1614 440 1698 489 ple-

350 503 422 530 nus
454 494 556 540 erat,
593 492 661 531 sed
694 505 714 530 e
744 493 855 531 fonte
887 506 977 531 cum
1008 494 1081 532 hoc
1113 497 1308 534 communi
1341 510 1520 536 manasse
1551 510 1697 550 magna

350 552 465 601 copia
495 551 671 589 locorum
702 552 913 601 probatur,
949 553 1091 602 quibus
1121 553 1332 593 lectionem
1364 557 1577 606 genuinam
1607 570 1697 596 cum

355 610 544 649 Vaticano
572 612 625 649 83
654 611 862 650 concinens
888 612 1074 659 servavit,
1114 614 1174 651 Va
1197 627 1290 653 vero
1316 614 1366 653 ob
1391 628 1550 654 causam
1577 629 1696 666 quam

349 682 469 719 supra
494 669 576 707 dixi
595 671 781 718 mutavit,
806 671 847 708 id
868 671 973 720 quod
993 672 1245 721 potissimum
1267 673 1318 712 de*
1334 674 1592 714 collocatione
1611 688 1695 714 ver·

348 729 486 767 borum
509 729 628 768 valet.
667 730 726 767 Ne
746 730 794 768 de
814 731 1157 770 emendationibus
1178 733 1338 784 cogites,
1362 734 1546 783 prohibet
1564 735 1699 773 multi—

348 787 444 827 tudo
470 788 658 837 locorum,
685 801 782 838 quos
808 795 1014 840 corruptos
1038 790 1215 840 praebet,
1240 804 1329 830 cum
1354 793 1543 832 facillime
1568 807 1698 833 emen-

349 847 437 885 dari
455 849 670 896 potuerint.
697 848 912 898 Exemplar
929 862 1023 888 vero
1049 850 1176 888 codici
1197 863 1286 889 cum
1315 852 1373 890 Va
1393 865 1597 891 commune
1616 853 1698 892 iam

350 919 438 945 cum
464 907 554 945 aliis
580 907 815 957 corruptelis
840 910 926 946 tum
954 908 1107 948 lacunis
1131 909 1271 948 iisdem
1298 911 1484 950 affectum
1506 915 1592 951 erat
1612 913 1697 959 qui-

348 965 420 1004 bus
445 965 665 1005 Vaticanus
691 968 759 1006 83.

410 1023 592 1064 Codicem
619 1039 639 1064 e
664 1028 778 1075 parte
803 1039 890 1064 cum
918 1027 1050 1066 codice
1075 1027 1256 1066 Parisino
1284 1031 1396 1068 2962
1424 1031 1548 1081 Regio
1574 1031 1699 1070 Maxi-

348 1097 412 1123 mo
439 1085 609 1123 contulit
634 1085 916 1137 Rostgaardus.
954 1087 1040 1138 Ego
1066 1087 1216 1126 excussi
1243 1101 1276 1127 a.
1299 1091 1425 1127 1871.

409 1143 541 1182 Codex
566 1144 656 1193 plus
682 1145 802 1183 semel
827 1145 891 1183 vel
917 1148 1123 1196 excerptus
1141 1147 1205 1185 vel
1225 1147 1444 1198 descriptus
1465 1150 1534 1187 est.
1563 1148 1697 1199 Atque

349 1203 389 1239 in
421 1203 483 1240 his
509 1202 669 1252 quidem
695 1204 765 1253 qui
797 1217 842 1242 ex
869 1218 914 1243 eo
940 1205 1110 1244 derivati
1135 1209 1229 1245 sunt
1254 1208 1451 1247 codicibus
1477 1209 1698 1248 tractandis

349 1261 539 1312 temporis
565 1262 742 1301 ordinem
768 1265 879 1313 sequi
905 1267 1211 1304 consentaneum
1236 1269 1306 1305 est.

407 1379 608 1418 Iacturam
641 1381 801 1431 quidem
833 1382 943 1421 illam
976 1396 1162 1434 magnam
1195 1384 1361 1423 duorum
1382 1386 1700 1435 quaternionum,

350 1438 417 1477 sed
442 1439 619 1478 nondum
645 1441 733 1478 folii
759 1441 878 1479 unius
903 1443 1008 1481 inter
1030 1445 1052 1481 7
1080 1446 1120 1481 et
1141 1444 1165 1481 8
1192 1444 1352 1492 fecerat,
1377 1458 1464 1483 cum
1493 1458 1539 1483 ex
1565 1458 1611 1484 eo
1637 1458 1700 1483 ex-

351 1501 578 1549 cerperetur
602 1499 723 1538 codex

280 1564 350 1596 475
416 1559 481 1597 19.
508 1557 855 1598 Ambrosianus
882 1559 926 1599 G.
950 1562 1004 1599 14
1037 1573 1121 1611 sup.
1142 1562 1236 1600 olim
1268 1562 1300 1600 T
1330 1565 1381 1601 78
1416 1565 1456 1601 et
1479 1565 1618 1613 postea
1645 1565 1698 1601 73

352 1611 457 1668 (383
478 1618 519 1655 in
540 1618 655 1656 catal.
674 1618 852 1657 Martinii
873 1622 913 1657 et
930 1615 1080 1673 Bassii)
1102 1619 1166 1673 (=
1181 1617 1235 1674 G)
1254 1621 1383 1660 bomb.
1403 1623 1552 1660 formae
1572 1623 1700 1672 quart.

350 1677 444 1714 min.
469 1676 615 1715 litteris
647 1677 859 1716 admodum
883 1679 1048 1718 minutis
1072 1680 1284 1731 diligenter
1308 1683 1480 1720 exaratis
1504 1694 1625 1720 manu
1650 1693 1701 1719 sc.

351 1733 575 1787 XIIIJXIV,
596 1736 688 1774 olim
709 1736 766 1775 Io.
786 1737 898 1776 Vinc.
920 1738 1116 1787 Pinelli‚
1135 1740 1203 1789 qui
1223 1741 1400 1779 continet
1418 1741 1484 1779 fol.
1509 1739 1701 1793 72J73—

354 1796 436 1834 109
459 1795 636 1846 eclogam
657 1797 917 1846 epistularum
936 1797 1106 1848 Libanii,
1125 1799 1237 1837 cuius
1255 1800 1508 1849 inscriptioni
1527 1801 1701 1849 spatium

353 1855 414 1892 est
438 1854 632 1893 relictum.
669 1855 823 1894 Desunt
847 1859 888 1894 et
911 1859 1067 1895 numeri
1091 1859 1352 1908 epistularum
1385 1861 1424 1897 et
1449 1860 1610 1899 nomina
1638 1871 1701 1897 eo-

352 1925 441 1950 rum
462 1912 513 1951 ad
532 1926 632 1962 quos
651 1915 821 1964 scriptae
846 1918 940 1953 sunt
962 1917 1022 1954 ita
1045 1920 1091 1955 ut
1109 1930 1158 1955 ne
1177 1917 1304 1956 lineae
1323 1918 1480 1967 quidem
1499 1919 1605 1956 inter
1622 1918 1701 1957 sin-

353 1972 468 2022 gulas
494 1973 668 2022 spatium
688 1975 869 2012 relictum
890 1974 955 2024 sit,
981 1976 1050 2014 sed
1068 1975 1224 2015 tantum
1251 1977 1341 2015 finis
1365 1979 1540 2028 signum:
1566 1997 1611 2006 »ν
1638 1990 1702 2015 ex-

353 2033 424 2070 tet.
468 2029 574 2070 Ordo
604 2032 721 2071 hodie
753 2035 814 2072 est
844 2034 1039 2073 turbatus.
1080 2036 1184 2074 Nam
1214 2037 1357 2086 incipit
1388 2037 1437 2074 ab
1469 2049 1529 2086 ep.
1551 2037 1633 2075 636
1662 2038 1702 2075 et

356 2091 454 2139 637,
479 2087 602 2129 tertia
626 2094 687 2130 est
707 2093 804 2140 369,
830 2106 949 2142 quam
970 2102 1192 2143 sequuntur
1210 2088 1404 2145 epistulae
1423 2096 1591 2134 selectae
1608 2095 1700 2133 inde

355 2162 380 2187 a
399 2151 484 2188 374
503 2162 628 2199 usque
648 2151 699 2189 ad
720 2153 826 2201 6433
844 2155 936 2201 post
953 2153 1055 2192 hanc
1073 2154 1230 2192 demum
1250 2156 1421 2193 occurrit
1440 2168 1498 2205 ep.
1522 2158 1559 2204 1,
1579 2167 1699 2204 quam

356 2211 576 2258 sequuntur
608 2210 644 2248 6.
678 2213 716 2249 8.
751 2212 816 2249 12.
844 2212 910 2250 15.
940 2213 1004 2250 19.
1033 2214 1101 2252 20.
1129 2214 1195 2252 25.
1224 2215 1291 2252 26.
1319 2216 1372 2253 28
1401 2217 1473 2253 etc.
1498 2227 1623 2263 usque
1649 2213 1700 2252 ad

358 2268 470 2307 1004
485 2273 526 2306 et
539 2270 664 2307 1006.
676 2269 858 2308 Debebat
871 2283 954 2309 esse
967 2271 1081 2310 ordo:
1097 2273 1281 2312 1—368.
1298 2274 1541 2312 369—643.
1555 2274 1700 2311 644-

357 2327 482 2365 1006.
516 2326 699 2366 Codicem
724 2329 902 2368 familiae
932 2331 1054 2369 VaVo
1081 2343 1164 2370 esse
1190 2334 1417 2382 excerptum
1436 2332 1527 2370 inde
1559 2333 1700 2380 elucet,

355 2386 460 2435 quod
485 2399 628 2428 comm.
644 2388 757 2437 epist.
779 2390 830 2426 11
853 2389 957 2427 inter
976 2390 1062 2428 350
1081 2393 1122 2428 et
1140 2391 1223 2429 351
1245 2393 1286 2430 et
1304 2404 1363 2441 ep.
1386 2393 1468 2430 647
1489 2393 1594 2430 inter
1613 2392 1696 2430 644

356 2446 396 2483 et
416 2445 500 2484 648
531 2445 573 2483 id
600 2448 659 2484 est
690 2459 736 2485 eo
766 2447 853 2496 ipso
884 2448 971 2487 loco
1005 2452 1210 2500 excerptae
1242 2453 1353 2499 sunt,
1378 2463 1459 2500 quo
1484 2451 1526 2488 in
1558 2450 1619 2490 Va
1633 2451 1699 2498 Vo,
