1872 2924
344 194 401 236 10
431 193 614 230 LIBANII
639 194 722 237 QUI
746 195 1012 232 FERUNTUR
1035 196 1381 234 CHARACTERES
1405 198 1667 237 EPISTOLICI

339 294 463 320 manu
482 283 612 332 prima
630 281 823 323 ἐπιστολαὶ
844 285 1024 336 λιβανίου
1038 291 1227 336 σοφιστοῦ
1241 285 1443 338 ὃιοὶφοροιε
1463 291 1503 337 et
1515 289 1688 328 secunda

340 339 624 392 ἐπιστολιμαῖοι
660 348 896 395 χαρακτῆρες
930 344 1111 395 λιβανίου
1145 351 1355 397 σοφιστοῦ,
1393 345 1460 385 καὶ
1492 345 1689 399 κιὲστορος

342 400 549 440 ἰουλιανοῦ
580 406 650 440 τοῦ
679 402 931 455 παραβᾶτου,
966 403 1036 442 sed
1065 404 1166 442 nihil
1194 406 1272 443 nisi
1304 406 1690 455 exemplacontinet

343 472 471 508 neque
496 472 543 498 ea
568 460 705 499 ordine
730 463 921 512 textuque
946 464 1119 514 genuino
1144 467 1313 513 servato,
1338 465 1405 504 sed
1430 467 1577 514 passim
1603 479 1687 505 nm-
1718 464 1721 466 “

341 520 440 558 tato.
473 519 716 559 Enumerata
741 523 836 560 sunt
860 534 884 560 a
909 522 1132 561 Weicherto
1156 535 1196 572 p.
1214 523 1296 561 LV.

405 577 509 623 Quin
529 580 651 617 etiam
670 579 709 617 in
730 579 806 618 fine
822 582 1041 631 exemplum
1057 582 1235 621 additum
1251 585 1312 621 est
1325 583 1503 632 spurium
1516 584 1690 635 συμβου-

340 636 510 688 λευτική.
554 640 739 678 Σπεῦσον
772 639 878 696 πάσῃ
910 645 1020 695 ψυχῇ
1051 639 1118 680 καὶ
1147 639 1264 680 παντὶ
1302 640 1437 681 σθένει
1467 642 1690 695 χρήσασθαι

339 701 476 748 φυγῆς
489 693 612 749 (scrib
638 695 785 753 φυγῇ)·
805 697 944 739 πολλοὶ
955 699 1030 752 γὰρ
1043 698 1306 750 ἀφικνοῦνται
1317 699 1415 753 πρὸς
1428 699 1469 741 σὲ
1482 703 1689 754 συλλαβεῖν

338 767 383 794 σε
404 754 637 807 βουλόμενοι
655 756 722 797 καὶ
739 761 899 806 πολλοῖς
917 759 1140 811 περιβαλεῖν
1162 763 1243 807 τοῖς
1262 759 1406 807 δεινοῖς
1419 760 1567 801 σκοπὸν
1584 761 1690 814 ἕχον-

338 829 402 861 τες
417 813 595 855 ἐκποδῶν
603 811 697 870 (sic)
711 828 752 857 σε
765 823 836 857 τοῦ
849 818 941 868 βίον
953 816 1287 871 ποιήσασθαι;(;-
1296 819 1563 872 φυγαδευτική
1573 834 1612 871 p.
1621 821 1690 870 36,

341 875 517 913 23—-26
536 872 717 929 Weieh.).
750 876 828 915 Sed
854 877 974 916 etiam
999 878 1154 928 reliqua
1179 878 1294 917 valde
1320 881 1414 917 sunt
1437 879 1688 930 interpolata.

341 933 432 972 Non
466 933 590 985 igitur
620 938 697 984 est,
735 949 805 975 cur
835 940 1053 987 apparatus
1085 937 1243 976 criticus
1275 938 1512 978 lectionibus
1543 939 1691 978 codicis

341 993 604 1032 aWeicherto
623 994 769 1034 litteris
788 996 849 1034 Pd
867 992 1095 1048 (perperam
1113 1010 1152 1046 p.
1171 996 1242 1035 LV
1260 993 1339 1049 Pa)
1360 997 1539 1049 insigniti
1556 1011 1689 1048 recep-

341 1051 395 1090 tis
421 1055 616 1120 oneretur.
654 1054 707 1092 Et
731 1051 906 1094 codicem
931 1060 971 1094 et
995 1056 1153 1094 tabulas
1178 1057 1457 1107 phototypicas
1476 1057 1692 1097 Weicherh'

341 1123 578 1152 examinem.

404 1170 598 1210 Similiter
620 1173 885 1223 interpolatus
910 1175 970 1212 est
992 1173 1114 1214 codex

265 1246 337 1278 435
406 1243 472 1280 24.
507 1242 798 1283 Harleianus
834 1245 985 1284 Musei
1019 1245 1296 1285 Britannici
1331 1247 1443 1285 5566
1479 1246 1520 1285 in
1554 1248 1693 1286 charta

341 1301 520 1352 levigata
545 1303 694 1342 formae
721 1306 795 1343 oct.
823 1317 874 1343 sc.
894 1304 988 1343 XIV
1014 1307 1167 1344 exeunt.
1197 1306 1256 1344 vel
1281 1305 1354 1343 XV
1378 1306 1530 1344 ineunt.
1556 1318 1692 1345 exara.-

342 1362 421 1407 tus,
446 1360 542 1399 olim
567 1362 760 1401 Bernardi
786 1363 934 1412 Mould,
959 1364 1029 1414 qui
1056 1378 1146 1403 eum
1171 1364 1365 1415 Smyrnae
1391 1377 1426 1404 a.
1449 1366 1560 1403 1724
1587 1377 1693 1404 com-

342 1422 503 1469 paravit
522 1421 692 1460 testibus
711 1422 1035 1473 inscriptionibus
1055 1424 1143 1462 folii
1161 1424 1326 1475 praefixi
1344 1423 1531 1462 Ber-nard
1549 1423 1692 1463 Mould

342 1479 514 1528 Smyrna
548 1482 662 1519 1724
694 1483 734 1520 et
765 1482 833 1521 fol.
854 1484 908 1522 28
941 1483 1003 1521 dic
1033 1484 1133 1532 Iulij
1161 1482 1212 1522 A.
1231 1483 1282 1521 B.
1311 1483 1436 1522 1725.
1470 1483 1692 1533 Inscriptns

343 1540 405 1576 est
435 1539 503 1577 fol.
532 1541 615 1578 222
649 1541 830 1591 λιβανίου
862 1548 1052 1591 σοφιστοῦ
1083 1541 1365 1593 ἕπιστολιμαῖοι
1391 1547 1628 1595 χαρακτῆρες
1653 1544 1694 1580 et

340 1596 487 1647 incipit
517 1597 538 1638 ὁ
569 1597 833 1648 ἐπισταλτικὸς
863 1600 1058 1654 χαρακτὴρ
1090 1601 1266 1648 ποικίλος
1297 1599 1335 1640 τὲ
1360 1599 1427 1640 καὶ
1450 1599 1693 1653 πολυσχεδὴς

340 1657 534 1709 τυγχάνει.
573 1658 661 1697 Non
695 1660 825 1699 solum
857 1661 1035 1700 ordinem
1060 1661 1318 1711 epistularum
1345 1661 1517 1699 mutavit
1545 1673 1692 1699 -nam

343 1714 631 1769 ἐπιτιμητικήν,
649 1717 908 1770 ἕπαινετικήν,
922 1719 1243 1772 ἐγκωμιαστικήν,
1257 1718 1549 1770 διδασκαλικήν,
1567 1718 1695 1772 ἐλεγκ-

341 1774 478 1827 τικήν,
511 1776 767 1829 διαβλητικήν
797 1782 888 1829 post
921 1778 1063 1830 μικτήν
1093 1776 1229 1830 posuit
1257 1780 1297 1818 et
1326 1779 1368 1818 in
1399 1779 1694 1818 definitionibus

345 1835 538 1874 nonnulla
563 1835 716 1875 addidit
741 1839 853 1877 velut
871 1837 1124 1886 εὐτελίζοντες
1142 1837 1306 1885 ἑαυτούς
1323 1839 1416 1888 post
1433 1851 1695 1889 ταπεινοφρο-

347 1899 494 1944 νοῦμεν
506 1894 549 1933 in
562 1895 790 1935 definitione
804 1903 1072 1950 μετριαστικῆς
1087 1919 1130 1925 -
1145 1898 1214 1937 sed
1226 1898 1348 1936 etiam
1362 1897 1540 1947 exempla
1556 1897 1696 1947 spuria

342 1953 492 1992 subicit
510 1956 556 1993 ut
572 1954 615 1992 in
633 1955 710 1993 fine
729 1951 815 2009 (fol.
836 1953 941 2010 234)
967 1957 1221 2009 διαβλητικῆς
1246 1957 1467 2006 exemplum
1493 1955 1694 2006 φυλάττου

344 2011 414 2051 τὸν
437 2012 686 2062 φαυλότατον
705 2010 770 2068 (=-
786 2017 840 2054 74
860 2030 897 2066 p.
919 2018 986 2065 49,
1010 2021 1029 2055 1
1054 2012 1235 2068 Weich.)‚
1262 2017 1374 2055 ouius
1392 2015 1546 2053 ultimis
1564 2014 1695 2053 verbis

345 2071 522 2124 δολεροῖς
546 2071 714 2129 ἕμπέσῃς
740 2074 932 2127 δικτύοις,
957 2075 1070 2116 τοῦτό
1097 2086 1159 2115 σοι
1191 2073 1419 2125 ἀνεθέμεθα
1444 2074 1602 2113 libellus
1629 2073 1696 2112 de-

345 2131 454 2170 sinit.
481 2132 686 2182 Scriptura
709 2134 837 2183 partis
867 2135 1067 2174 interioris
1092 2135 1279 2174 foliorum
1306 2146 1410 2184 aqua.
1434 2134 1589 2172 marina.
1613 2133 1695 2171 fere

344 2191 523 2230 evanuit.
563 2192 809 2231 Examinavi.

999 2277 1051 2315 ΙΙ.

406 2356 492 2395 Iam
512 2360 557 2396 ut
576 2358 745 2396 alterum
764 2371 886 2410 genus
906 2359 1086 2398 codicum
1104 2359 1304 2408 adeamus,
1324 2360 1436 2398 cuius
1455 2359 1618 2408 propria.
1637 2358 1699 2396 est

345 2414 554 2466 inscriptio
575 2416 758 2469 Πρόκλου
784 2424 853 2458 τοῦ
870 2419 1128 2458 Πλατωνικοῦ
1152 2416 1240 2470 περὶ
1265 2416 1554 2468 ἐπιστολιμαίου
1579 2430 1699 2468 χαρα-
