1872 2924
434 203 454 244 ἦ
474 203 507 235 4.
545 198 610 234 ΒΕ
635 197 825 235 ECLOGA
854 198 1200 236 EPISTULARUM
1227 201 1265 236 Σ
1474 198 1530 243 97

173 289 300 330 1065.
330 283 483 341 1080),
514 286 676 327 initium
707 300 768 339 ep.
788 288 847 329 80
873 284 938 341 (—
962 284 1098 341 1081)
1129 289 1297 339 quartae
1328 287 1532 329 centuriae

170 347 499 399 continebanturt,
530 348 636 387 inter
666 348 734 388 fol.
758 350 838 387 111
875 350 917 388 et
944 349 1028 388 112
1060 347 1293 388 exciderunt
1316 348 1395 388 duo
1419 348 1532 398 solia,

169 420 272 460 quae
291 408 334 447 in
351 408 642 460 possessionem
661 406 948 448 Tischendorfii
968 410 1010 448 et
1027 420 1074 447 ex
1093 408 1169 447 hac
1186 409 1229 447 in
1250 407 1531 448 bibliothecam

231 474 1519 533 55⁸.nniversitatiscantabrigiensis(Me.Add,1880.7)
1533 487 1602 519 504

167 541 377 589 venerunt,
395 539 539 591 quibus
558 538 648 578 finis
667 551 727 590 op.
743 540 798 579 62
814 534 880 592 (ι-
897 534 1046 592 1508),
1058 552 1118 590 ep.
1133 540 1310 580 63—69
1324 533 1390 593 (·-
1404 540 1531 579 1517.

171 600 298 640 1518.
339 600 466 639 1524.
505 599 634 640 1526.
673 600 799 639 1527.
835 600 961 639 1533.
997 594 1150 652 1536),
1187 599 1349 638 initium
1386 612 1447 651 ep.
1475 600 1532 639 70

167 656 233 714 (=
258 654 393 712 1540)
417 662 552 699 sextae
577 659 781 699 centuriae
806 655 1170 712 continebantur¹).
1196 659 1243 698 In
1270 659 1347 698 fine
1365 659 1531 699 ultimae

167 719 365 770 epistulae
390 713 477 773 (fol.
500 717 604 770 115)
623 720 816 770 scriptum
835 722 898 758 est
916 717 1034 767 τέλος.
1070 718 1202 758 Codex
1222 719 1262 758 in
1285 720 1309 758 6
1330 719 1530 758 centurias

167 774 467 834 (ἑκατοντάδας)
504 779 682 831 digestus
721 782 800 828 est,
836 779 905 819 sed
939 779 1137 831 syllogam
1169 791 1249 818 non
1281 791 1366 818 esse
1398 791 1531 829 unam,

168 838 235 879 sed
261 852 283 879 e
307 838 464 879 duabus
490 838 704 879 conflatam
729 840 794 878 vel
818 839 912 878 inde
936 839 1085 889 discas,
1117 838 1224 890 quod
1253 839 1306 878 15
1332 839 1531 890 epistulae

167 898 230 938 bis
254 900 297 939 et
326 911 417 939 cum
447 898 668 938 lectionum
698 898 967 950 discrepantia
986 900 1238 950 comparent:
1265 912 1325 949 ep.
1347 899 1434 938 800
1458 898 1531 938 sub

170 959 255 998 226
288 960 329 998 et
354 960 454 1009 432,
481 959 565 998 696
592 958 667 998 sub
694 959 780 998 364
807 962 849 998 et
874 960 974 1008 463,
1008 960 1121 998 1039
1149 958 1222 998 sub
1250 959 1334 997 267
1364 960 1407 996 et
1432 959 1531 1008 467,

171 1019 255 1059 969
282 1018 356 1058 sub
383 1019 468 1059 245
495 1021 537 1058 et
561 1019 662 1067 468,
692 1019 779 1058 947
813 1018 887 1058 sub
915 1020 997 1058 241
1033 1020 1074 1058 et
1100 1019 1198 1067 484,
1232 1019 1315 1057 911
1344 1018 1417 1057 sub
1444 1019 1529 1058 237

168 1080 211 1117 et
235 1079 335 1128 501,
362 1078 446 1118 756
473 1078 547 1118 sub
573 1079 658 1118 371
686 1081 727 1118 et
753 1080 853 1127 502,
879 1079 964 1118 639
991 1078 1065 1118 sub
1092 1079 1177 1118 359
1198 1080 1239 1117 et
1260 1079 1359 1127 504,
1380 1079 1434 1117 65
1459 1078 1531 1118 sub

168 1139 255 1177 417
288 1142 331 1178 et
356 1139 455 1188 507,
488 1140 572 1178 999
599 1137 671 1178 sub
700 1139 785 1177 254
818 1141 859 1178 et
885 1139 985 1186 509,
1019 1139 1132 1178 1218
1165 1137 1239 1177 sub
1273 1139 1328 1176 24
1360 1141 1401 1177 et
1433 1138 1533 1187 526,

171 1199 257 1237 773
283 1197 356 1238 sub
383 1199 469 1238 374
495 1200 536 1238 et
556 1199 654 1249 571,
681 1199 766 1238 435
794 1198 869 1238 sub
891 1200 974 1238 297
1002 1200 1043 1238 et
1064 1199 1162 1250 572,
1185 1198 1269 1237 744
1290 1197 1364 1236 sub
1385 1199 1472 1238 370
1491 1201 1533 1237 et

171 1259 270 1308 576,
298 1259 382 1298 799
415 1258 488 1297 sub
515 1259 600 1297 225
634 1260 674 1297 et
701 1259 798 1298 579.
838 1258 1046 1309 Epistulae
1078 1259 1183 1297 enim
1217 1258 1452 1297 462—583
1485 1270 1532 1296 ex

169 1318 297 1357 altera
322 1317 480 1369 sylloga
499 1313 560 1373 (9)
586 1317 724 1357 eadem
749 1318 800 1357 ad
826 1330 945 1369 quam
971 1317 1126 1358 codices
1150 1317 1331 1368 syllogae
1358 1317 1535 1357 GWPar

168 1378 336 1417 redeunt
365 1376 538 1418 insertae
570 1379 672 1418 sunt.
711 1377 840 1424 Quam
865 1378 1003 1417 littera
1032 1377 1097 1423 811
1121 1376 1324 1429 insignivi.
1356 1376 1533 1416 Maxima.

169 1450 265 1477 vero
289 1449 382 1488 pars
407 1437 565 1488 codicis,
585 1451 708 1489 quam
727 1438 770 1477 in
789 1438 973 1489 epistulis
995 1437 1055 1477 bis
1076 1436 1376 1477 occurrentibus
1394 1437 1533 1476 littera

167 1496 214 1549 S1
248 1497 457 1549 insignivi,
483 1511 529 1537 ex
554 1509 573 1535 e
597 1497 814 1549 repetenda
839 1500 917 1548 est,
943 1498 1014 1548 qui
1038 1499 1121 1537 vim
1146 1496 1294 1536 codicis
1324 1509 1373 1535 ex
1391 1509 1418 1535 a
1441 1509 1533 1548 pro-

170 1557 265 1596 fecti
295 1559 479 1608 expertus
511 1560 583 1597 est.
619 1557 685 1597 Ita
716 1557 958 1608 explicatur,
990 1557 1096 1608 quod
1121 1557 1240 1596 simul
1273 1556 1314 1595 in
1346 1555 1533 1607 plurimis

169 1617 301 1668 iisque
327 1618 449 1657 etiam
474 1618 601 1666 falsis,
625 1624 674 1656 ut
698 1616 883 1671 εὗριπίδη
909 1617 1058 1657 scholio
1084 1616 1298 1668 marginali
1316 1615 1359 1654 in
1377 1618 1531 1656 textum

169 1689 230 1727 ep.
247 1678 331 1716 516
352 1679 524 1728 recepto,
543 1675 690 1718 εἰδέναι
707 1690 781 1729 pro
794 1672 908 1728 εἶναι,
927 1676 1086 1724 πάντως
1104 1690 1177 1728 pro
1196 1674 1344 1723 παντὸς
1360 1689 1420 1727 ep.
1433 1676 1532 1725 581,

170 1735 374 1777 vocabulis
386 1733 440 1777 ἔτ’
456 1750 517 1788 ep.
528 1739 627 1786 518,
640 1735 707 1777 καὶ
719 1737 775 1785 εἰς
788 1736 931 1790 λόγους
945 1750 1004 1788 ep.
1018 1737 1104 1776 560
1118 1736 1286 1785 omissis,
1299 1748 1389 1774 cum
1408 1735 1466 1774 Va
1476 1735 1531 1775 Vo

170 1796 286 1846 facit,
320 1796 438 1837 simul
464 1797 586 1837 verba
610 1798 652 1836 in
678 1797 739 1836 his
766 1810 893 1848 aeque
918 1800 1039 1847 atque
1064 1798 1106 1835 in
1141 1797 1177 1834 V
1197 1796 1345 1836 omissa
1369 1793 1454 1835 ἐπεὶ
1474 1816 1530 1823 -

169 1854 350 1896 ἐλαύνειν
376 1869 436 1908 ep.
458 1858 542 1896 947
570 1859 611 1896 et
635 1855 750 1909 ἐσμὲν
768 1878 826 1884 -
846 1855 1050 1896 εἰωθότων
1075 1870 1135 1907 ep.
1158 1857 1261 1904 182,
1286 1858 1409 1905 atque
1434 1855 1532 1894 haec

171 1929 260 1956 eum
292 1917 308 1955 i
340 1911 730 1970 (Wolfenbuttelano
769 1919 810 1956 et
841 1916 1081 1962 Chalcenon
1120 1914 1321 1955 codicibus
1353 1913 1530 1965 Lacape·

170 1970 334 2029 nianis),
360 1978 547 2017 servavit.
596 1976 674 2016 Sed
699 1976 822 2016 etiam
848 1977 969 2016 codex
994 1977 1080 2027 ipse
1112 1987 1254 2014 manus
1285 1973 1532 2014 correcti-icis

170 2035 344 2088 vestigia
368 2036 528 2076 exhibet
554 2036 757 2076 vocabulis
782 2036 846 2076 vel
872 2037 1001 2075 textui
1027 2035 1184 2075 insertis
1205 2034 1269 2073 vel
1286 2035 1329 2073 in
1349 2035 1531 2085 margine

170 2107 262 2134 cum
293 2095 396 2148 siglo
425 2111 474 2149 γρ
506 2097 661 2147 positis.
700 2095 809 2142 Quae
840 2095 973 2136 codice
1006 2108 1030 2135 a
1059 2095 1234 2136 OWPar
1258 2093 1365 2133 haud
1389 2094 1531 2144 procul

171 2157 304 2195 stante
330 2167 403 2196 usa
421 2157 494 2196 est.
525 2154 633 2196 Ordo
653 2156 830 2207 corporis
850 2157 926 2195 etsi
946 2156 986 2194 in
1005 2154 1235 2194 universum
1255 2153 1439 2193 turbatus
1458 2156 1532 2201 est,

170 2217 308 2255 tamen
332 2228 403 2266 per
426 2215 627 2268 longiores
645 2219 780 2267 partes
799 2215 914 2254 redit.
948 2214 1096 2254 Crebra
1115 2217 1210 2254 sunt
1228 2213 1446 2264 specimina
1465 2225 1529 2251 ne-

171 2274 399 2326 glegentiae
422 2275 591 2325 librarii,
614 2288 707 2315 rara
726 2274 978 2325 temeritatis,
1002 2277 1048 2314 ut
1067 2271 1282 2328 δρωμένων
1299 2285 1372 2324 pro
1390 2286 1529 2313 ποιου-

171 2332 303 2387 μένων
328 2347 389 2385 ep.
410 2335 516 2384 663,
540 2333 730 2388 πρότερον
755 2348 828 2386 pro
853 2333 1080 2386 ἔμπροσθεν
1100 2347 1161 2384 ep.
1183 2333 1280 2372 659.
1318 2330 1442 2380 θεοὺς
1467 2332 1529 2371 vel

235 2450 268 2493 1)
294 2449 390 2485 Ann.
412 2448 594 2486 Fleckein.
617 2453 720 2494 1876,
747 2453 816 2485 886
830 2461 884 2494 eq.
913 2448 1034 2484 Relat.
1054 2447 1159 2484 acad.
1182 2445 1301 2482 Berol.
1325 2449 1429 2489 1885,
1449 2449 1531 2482 916.
