<?xml version="1.0" encoding="UTF-8"?>
<!DOCTYPE html PUBLIC "-//W3C//DTD XHTML 1.0 Transitional//EN"
    "http://www.w3.org/TR/xhtml1/DTD/xhtml1-transitional.dtd">
<html xmlns="http://www.w3.org/1999/xhtml" xml:lang="en" lang="en">
 <head>
  <title>
</title>
<meta http-equiv="Content-Type" content="text/html;charset=utf-8" />
  <meta name='ocr-system' content='tesseract 3.04.00' />
  <meta name='ocr-capabilities' content='ocr_page ocr_carea ocr_par ocr_line ocrx_word'/>
</head>
<body>
  <div class='ocr_page' id='page_1' title='image "./operarecensuitri09libauoft_0244.png"; bbox 0 0 1872 2924; ppageno 0'>
   <div class='ocr_carea' id='block_1_1' title="bbox 329 219 1382 266">
    <p class='ocr_par' dir='ltr' id='par_1_1' title="bbox 329 219 1382 266">
     <span class='ocr_line' id='line_1_1' title="bbox 329 219 1382 266; baseline -0.011 1"><span class='ocrx_word' id='word_1_1' title='bbox 329 222 420 266; x_wconf 81' lang='grc'><strong>230</strong></span> <span class='ocrx_word' id='word_1_2' title='bbox 634 219 1003 258; x_wconf 74' lang='lat' dir='ltr'>PROLEGOMENA</span> <span class='ocrx_word' id='word_1_3' title='bbox 1030 219 1096 256; x_wconf 80' lang='lat' dir='ltr'><strong>AD</strong></span> <span class='ocrx_word' id='word_1_4' title='bbox 1122 219 1382 257; x_wconf 80' lang='lat' dir='ltr'><strong>EPISTULAS</strong></span> 
     </span>
    </p>
   </div>
   <div class='ocr_carea' id='block_1_2' title="bbox 330 311 1693 1529">
    <p class='ocr_par' dir='ltr' id='par_1_2' title="bbox 330 311 1689 848">
     <span class='ocr_line' id='line_1_2' title="bbox 392 311 1686 375; baseline -0.001 -14"><span class='ocrx_word' id='word_1_5' title='bbox 392 323 491 363; x_wconf 91' lang='grc'><strong>411.</strong></span> <span class='ocrx_word' id='word_1_6' title='bbox 522 320 954 372; x_wconf 83' lang='lat' dir='ltr'><strong>Heidelbergensis</strong></span> <span class='ocrx_word' id='word_1_7' title='bbox 984 320 1241 361; x_wconf 87' lang='lat' dir='ltr'><strong>Palatinus</strong></span> <span class='ocrx_word' id='word_1_8' title='bbox 1265 333 1324 372; x_wconf 84' lang='lat' dir='ltr'><strong>gr.</strong></span> <span class='ocrx_word' id='word_1_9' title='bbox 1349 311 1479 374; x_wconf 80' lang='lat'>356¹)</span> <span class='ocrx_word' id='word_1_10' title='bbox 1507 315 1574 375; x_wconf 65' lang='grc' dir='ltr'><strong>(ε-</strong></span> <span class='ocrx_word' id='word_1_11' title='bbox 1593 317 1686 375; x_wconf 86' lang='lat' dir='ltr'><strong>Pal)</strong></span> 
     </span>
     <span class='ocr_line' id='line_1_3' title="bbox 331 378 1685 431; baseline -0.001 -10"><span class='ocrx_word' id='word_1_12' title='bbox 331 394 384 422; x_wconf 88' lang='lat' dir='ltr'><strong>sc.</strong></span> <span class='ocrx_word' id='word_1_13' title='bbox 403 381 499 422; x_wconf 87' lang='lat' dir='ltr'><strong>XIV</strong></span> <span class='ocrx_word' id='word_1_14' title='bbox 521 380 688 431; x_wconf 63' lang='lat' dir='ltr'><strong>ineunt„</strong></span> <span class='ocrx_word' id='word_1_15' title='bbox 711 380 781 431; x_wconf 90' lang='lat' dir='ltr'><strong>qui</strong></span> <span class='ocrx_word' id='word_1_16' title='bbox 805 379 898 420; x_wconf 87' lang='lat' dir='ltr'><strong>inde</strong></span> <span class='ocrx_word' id='word_1_17' title='bbox 923 391 948 418; x_wconf 92' lang='lat' dir='ltr'><strong>a</strong></span> <span class='ocrx_word' id='word_1_18' title='bbox 971 380 1041 421; x_wconf 84' lang='lat' dir='ltr'><strong>fol.</strong></span> <span class='ocrx_word' id='word_1_19' title='bbox 1062 381 1115 419; x_wconf 85' lang='lat'>31</span> <span class='ocrx_word' id='word_1_20' title='bbox 1142 380 1236 431; x_wconf 86' lang='lat' dir='ltr'><strong>post</strong></span> <span class='ocrx_word' id='word_1_21' title='bbox 1252 379 1515 420; x_wconf 76' lang='lat' dir='ltr'><strong>Phalarideas</strong></span> <span class='ocrx_word' id='word_1_22' title='bbox 1529 380 1572 419; x_wconf 91' lang='lat' dir='ltr'><strong>et</strong></span> <span class='ocrx_word' id='word_1_23' title='bbox 1589 378 1685 420; x_wconf 86' lang='lat' dir='ltr'><strong>Gre-</strong></span> 
     </span>
     <span class='ocr_line' id='line_1_4' title="bbox 331 438 1684 494; baseline -0.001 -13"><span class='ocrx_word' id='word_1_24' title='bbox 331 441 436 494; x_wconf 81' lang='lat' dir='ltr'>gorii</span> <span class='ocrx_word' id='word_1_25' title='bbox 455 440 648 492; x_wconf 80' lang='lat' dir='ltr'><strong>Theologi</strong></span> <span class='ocrx_word' id='word_1_26' title='bbox 673 452 752 480; x_wconf 87' lang='lat' dir='ltr'><strong>non</strong></span> <span class='ocrx_word' id='word_1_27' title='bbox 770 439 901 479; x_wconf 88' lang='lat' dir='ltr'><strong>solum</strong></span> <span class='ocrx_word' id='word_1_28' title='bbox 919 452 982 490; x_wconf 88' lang='lat' dir='ltr'><strong>ep.</strong></span> <span class='ocrx_word' id='word_1_29' title='bbox 1003 440 1188 478; x_wconf 68' lang='lat'>1⁸1—20.</span> <span class='ocrx_word' id='word_1_30' title='bbox 1216 439 1284 479; x_wconf 93' lang='grc'><strong>22.</strong></span> <span class='ocrx_word' id='word_1_31' title='bbox 1305 440 1373 487; x_wconf 88' lang='grc'><strong>21,</strong></span> <span class='ocrx_word' id='word_1_32' title='bbox 1397 438 1469 479; x_wconf 83' lang='lat' dir='ltr'><strong>sed</strong></span> <span class='ocrx_word' id='word_1_33' title='bbox 1485 439 1609 479; x_wconf 84' lang='lat' dir='ltr'><strong>etiam</strong></span> <span class='ocrx_word' id='word_1_34' title='bbox 1628 440 1684 479; x_wconf 82' lang='lat'><strong>26</strong></span> 
     </span>
     <span class='ocr_line' id='line_1_5' title="bbox 330 496 1686 551; baseline -0.003 -10"><span class='ocrx_word' id='word_1_35' title='bbox 330 500 566 551; x_wconf 85' lang='lat' dir='ltr'><strong>inscriptam</strong></span> <span class='ocrx_word' id='word_1_36' title='bbox 594 503 666 539; x_wconf 82' lang='grc' dir='ltr'><strong>τοῦ</strong></span> <span class='ocrx_word' id='word_1_37' title='bbox 696 497 821 539; x_wconf 74' lang='grc' dir='ltr'><strong><em>αὐτοῦ</em></strong></span> <span class='ocrx_word' id='word_1_38' title='bbox 846 498 1015 538; x_wconf 76' lang='lat' dir='ltr'>exhibet.</span> <span class='ocrx_word' id='word_1_39' title='bbox 1049 496 1281 549; x_wconf 75' lang='lat' dir='ltr'><strong>Sequuntur</strong></span> <span class='ocrx_word' id='word_1_40' title='bbox 1305 497 1502 548; x_wconf 71' lang='lat' dir='ltr'><strong>epistulae</strong></span> <span class='ocrx_word' id='word_1_41' title='bbox 1532 498 1686 543; x_wconf 87' lang='lat' dir='ltr'><strong>Basilii,</strong></span> 
     </span>
     <span class='ocr_line' id='line_1_6' title="bbox 330 557 1686 611; baseline -0.001 -12"><span class='ocrx_word' id='word_1_42' title='bbox 330 558 550 610; x_wconf 82' lang='lat' dir='ltr'><strong>Apollonii,</strong></span> <span class='ocrx_word' id='word_1_43' title='bbox 569 558 739 610; x_wconf 47' lang='lat' dir='ltr'><strong>Synosii</strong></span> <span class='ocrx_word' id='word_1_44' title='bbox 757 558 894 611; x_wconf 74' lang='lat' dir='ltr'><strong>Bruti3</strong></span> <span class='ocrx_word' id='word_1_45' title='bbox 914 557 963 597; x_wconf 90' lang='lat' dir='ltr'><strong>de</strong></span> <span class='ocrx_word' id='word_1_46' title='bbox 975 557 1050 598; x_wconf 73' lang='lat' dir='ltr'><strong>fol.</strong></span> <span class='ocrx_word' id='word_1_47' title='bbox 1066 557 1122 597; x_wconf 85' lang='grc'><strong>58</strong></span> <span class='ocrx_word' id='word_1_48' title='bbox 1147 557 1198 598; x_wconf 85' lang='lat' dir='ltr'><strong>of.</strong></span> <span class='ocrx_word' id='word_1_49' title='bbox 1216 569 1338 607; x_wconf 86' lang='lat' dir='ltr'><strong>supra</strong></span> <span class='ocrx_word' id='word_1_50' title='bbox 1361 569 1400 607; x_wconf 90' lang='lat' dir='ltr'><strong>p.</strong></span> <span class='ocrx_word' id='word_1_51' title='bbox 1417 557 1499 597; x_wconf 89' lang='lat'><strong>181</strong></span> <span class='ocrx_word' id='word_1_52' title='bbox 1527 570 1566 597; x_wconf 93' lang='grc' dir='ltr'><strong>ιι.</strong></span> <span class='ocrx_word' id='word_1_53' title='bbox 1588 558 1686 598; x_wconf 81' lang='grc'><strong>223.</strong></span> 
     </span>
     <span class='ocr_line' id='line_1_7' title="bbox 333 615 1685 667; baseline -0.001 -9"><span class='ocrx_word' id='word_1_54' title='bbox 333 617 516 658; x_wconf 79' lang='lat' dir='ltr'><strong>Contulit</strong></span> <span class='ocrx_word' id='word_1_55' title='bbox 548 619 590 657; x_wconf 92' lang='lat' dir='ltr'><strong>et</strong></span> <span class='ocrx_word' id='word_1_56' title='bbox 623 618 813 658; x_wconf 87' lang='lat' dir='ltr'><strong>lectiones</strong></span> <span class='ocrx_word' id='word_1_57' title='bbox 848 630 873 657; x_wconf 86' lang='lat' dir='ltr'><strong>a</strong></span> <span class='ocrx_word' id='word_1_58' title='bbox 905 617 1105 657; x_wconf 84' lang='lat' dir='ltr'><strong>Wolfiana</strong></span> <span class='ocrx_word' id='word_1_59' title='bbox 1138 616 1407 667; x_wconf 74' lang='lat' dir='ltr'><strong>discrepantes</strong></span> <span class='ocrx_word' id='word_1_60' title='bbox 1443 615 1486 655; x_wconf 89' lang='lat' dir='ltr'><strong>in</strong></span> <span class='ocrx_word' id='word_1_61' title='bbox 1522 615 1685 656; x_wconf 83' lang='lat' dir='ltr'><strong>Miscell.</strong></span> 
     </span>
     <span class='ocr_line' id='line_1_8' title="bbox 332 675 1689 726; baseline -0.003 -8"><span class='ocrx_word' id='word_1_62' title='bbox 332 678 481 718; x_wconf 85' lang='lat' dir='ltr'><strong>criticis</strong></span> <span class='ocrx_word' id='word_1_63' title='bbox 513 676 795 717; x_wconf 82' lang='lat' dir='ltr'><strong>Friedemanni</strong></span> <span class='ocrx_word' id='word_1_64' title='bbox 824 678 866 716; x_wconf 91' lang='lat' dir='ltr'><strong>et</strong></span> <span class='ocrx_word' id='word_1_65' title='bbox 890 675 1075 717; x_wconf 87' lang='lat' dir='ltr'><strong>Seebodii</strong></span> <span class='ocrx_word' id='word_1_66' title='bbox 1105 676 1183 716; x_wconf 81' lang='lat' dir='ltr'><strong>vol.</strong></span> <span class='ocrx_word' id='word_1_67' title='bbox 1208 675 1230 714; x_wconf 93' lang='lat'>1</span> <span class='ocrx_word' id='word_1_68' title='bbox 1253 688 1292 726; x_wconf 88' lang='lat' dir='ltr'><strong>p.</strong></span> <span class='ocrx_word' id='word_1_69' title='bbox 1319 676 1404 715; x_wconf 83' lang='lat'><strong>648</strong></span> <span class='ocrx_word' id='word_1_70' title='bbox 1430 687 1488 726; x_wconf 85' lang='lat' dir='ltr'><strong>sq.</strong></span> <span class='ocrx_word' id='word_1_71' title='bbox 1513 675 1689 715; x_wconf 83' lang='lat' dir='ltr'><strong>Roether</strong></span> 
     </span>
     <span class='ocr_line' id='line_1_9' title="bbox 331 735 1686 788; baseline -0.003 -11"><span class='ocrx_word' id='word_1_72' title='bbox 331 737 483 788; x_wconf 76' lang='lat' dir='ltr'><strong>publici</strong></span> <span class='ocrx_word' id='word_1_73' title='bbox 512 737 613 777; x_wconf 82' lang='lat' dir='ltr'><strong>iuris</strong></span> <span class='ocrx_word' id='word_1_74' title='bbox 642 737 750 776; x_wconf 87' lang='lat' dir='ltr'><strong>fecit.</strong></span> <span class='ocrx_word' id='word_1_75' title='bbox 793 735 934 776; x_wconf 83' lang='lat' dir='ltr'><strong>Denuo</strong></span> <span class='ocrx_word' id='word_1_76' title='bbox 964 735 1008 775; x_wconf 89' lang='lat' dir='ltr'><strong>in</strong></span> <span class='ocrx_word' id='word_1_77' title='bbox 1032 735 1076 775; x_wconf 90' lang='lat' dir='ltr'><strong>P.</strong></span> <span class='ocrx_word' id='word_1_78' title='bbox 1101 735 1245 775; x_wconf 85' lang='lat' dir='ltr'><strong>Maasii</strong></span> <span class='ocrx_word' id='word_1_79' title='bbox 1274 747 1393 774; x_wconf 89' lang='lat' dir='ltr'><strong>usum</strong></span> <span class='ocrx_word' id='word_1_80' title='bbox 1417 735 1588 775; x_wconf 87' lang='lat' dir='ltr'><strong>collatus</strong></span> <span class='ocrx_word' id='word_1_81' title='bbox 1615 739 1686 775; x_wconf 85' lang='lat' dir='ltr'><strong>est.</strong></span> 
     </span>
     <span class='ocr_line' id='line_1_10' title="bbox 333 797 505 848; baseline 0.006 -12"><span class='ocrx_word' id='word_1_82' title='bbox 333 797 505 848; x_wconf 83' lang='lat' dir='ltr'><strong>Inspexi.</strong></span> 
     </span>
    </p>

    <p class='ocr_par' dir='ltr' id='par_1_3' title="bbox 395 859 1114 913">
     <span class='ocr_line' id='line_1_11' title="bbox 395 859 1114 913; baseline -0.004 -12"><span class='ocrx_word' id='word_1_83' title='bbox 395 861 496 901; x_wconf 87' lang='lat' dir='ltr'><strong>Cum</strong></span> <span class='ocrx_word' id='word_1_84' title='bbox 518 862 594 901; x_wconf 88' lang='lat' dir='ltr'><strong>hoc</strong></span> <span class='ocrx_word' id='word_1_85' title='bbox 617 861 737 913; x_wconf 89' lang='lat' dir='ltr'><strong>plane</strong></span> <span class='ocrx_word' id='word_1_86' title='bbox 764 861 969 912; x_wconf 85' lang='lat' dir='ltr'><strong>conspirat</strong></span> <span class='ocrx_word' id='word_1_87' title='bbox 991 859 1114 900; x_wconf 88' lang='lat' dir='ltr'><strong>codex</strong></span> 
     </span>
    </p>

    <p class='ocr_par' dir='ltr' id='par_1_4' title="bbox 331 922 1691 1154">
     <span class='ocr_line' id='line_1_12' title="bbox 394 922 1689 978; baseline -0.003 -12"><span class='ocrx_word' id='word_1_88' title='bbox 394 928 493 966; x_wconf 88' lang='grc'><strong>412.</strong></span> <span class='ocrx_word' id='word_1_89' title='bbox 519 924 945 978; x_wconf 83' lang='lat' dir='ltr'><strong>Cantabrigiensis</strong></span> <span class='ocrx_word' id='word_1_90' title='bbox 963 923 1318 965; x_wconf 85' lang='lat' dir='ltr'><strong>Universitatis</strong></span> <span class='ocrx_word' id='word_1_91' title='bbox 1343 922 1418 975; x_wconf 82' lang='lat' dir='ltr'><strong>Gg</strong></span> <span class='ocrx_word' id='word_1_92' title='bbox 1435 924 1456 962; x_wconf 97' lang='lat' dir='ltr'><strong>I</strong></span> <span class='ocrx_word' id='word_1_93' title='bbox 1482 925 1506 963; x_wconf 91' lang='grc'><strong>2</strong></span> <span class='ocrx_word' id='word_1_94' title='bbox 1533 935 1587 963; x_wconf 90' lang='lat' dir='ltr'><strong>sc.</strong></span> <span class='ocrx_word' id='word_1_95' title='bbox 1600 923 1689 973; x_wconf 85' lang='lat' dir='ltr'><strong>XV,</strong></span> 
     </span>
     <span class='ocr_line' id='line_1_13' title="bbox 331 982 1691 1038; baseline -0.003 -12"><span class='ocrx_word' id='word_1_96' title='bbox 331 986 405 1038; x_wconf 90' lang='lat' dir='ltr'><strong>qui</strong></span> <span class='ocrx_word' id='word_1_97' title='bbox 438 986 507 1026; x_wconf 85' lang='lat' dir='ltr'><strong>foL</strong></span> <span class='ocrx_word' id='word_1_98' title='bbox 537 987 623 1026; x_wconf 90' lang='grc'><strong>290</strong></span> <span class='ocrx_word' id='word_1_99' title='bbox 658 987 699 1025; x_wconf 91' lang='lat' dir='ltr'><strong>et</strong></span> <span class='ocrx_word' id='word_1_100' title='bbox 733 986 816 1024; x_wconf 91' lang='grc'><strong>291</strong></span> <span class='ocrx_word' id='word_1_101' title='bbox 855 984 1014 1025; x_wconf 88' lang='lat' dir='ltr'><strong>easdem</strong></span> <span class='ocrx_word' id='word_1_102' title='bbox 1048 996 1148 1035; x_wconf 89' lang='lat' dir='ltr'><strong>quas</strong></span> <span class='ocrx_word' id='word_1_103' title='bbox 1180 983 1251 1023; x_wconf 89' lang='lat' dir='ltr'><strong>ille</strong></span> <span class='ocrx_word' id='word_1_104' title='bbox 1284 983 1478 1034; x_wconf 85' lang='lat' dir='ltr'><strong>epistulas</strong></span> <span class='ocrx_word' id='word_1_105' title='bbox 1511 982 1691 1023; x_wconf 88' lang='lat' dir='ltr'><strong>continet</strong></span> 
     </span>
     <span class='ocr_line' id='line_1_14' title="bbox 334 1041 1689 1095; baseline -0.002 -11"><span class='ocrx_word' id='word_1_106' title='bbox 334 1045 473 1086; x_wconf 89' lang='lat' dir='ltr'><strong>eodem</strong></span> <span class='ocrx_word' id='word_1_107' title='bbox 502 1044 620 1085; x_wconf 87' lang='lat' dir='ltr'><strong>modo</strong></span> <span class='ocrx_word' id='word_1_108' title='bbox 644 1044 860 1095; x_wconf 78' lang='lat' dir='ltr'><strong>inscriptas</strong></span> <span class='ocrx_word' id='word_1_109' title='bbox 885 1046 926 1084; x_wconf 91' lang='lat' dir='ltr'><strong>et</strong></span> <span class='ocrx_word' id='word_1_110' title='bbox 950 1043 1166 1083; x_wconf 84' lang='lat' dir='ltr'><strong>ordinatas.</strong></span> <span class='ocrx_word' id='word_1_111' title='bbox 1203 1042 1394 1093; x_wconf 75' lang='lat' dir='ltr'><strong>Sequitur</strong></span> <span class='ocrx_word' id='word_1_112' title='bbox 1418 1041 1591 1093; x_wconf 75' lang='lat' dir='ltr'><strong>epistula</strong></span> <span class='ocrx_word' id='word_1_113' title='bbox 1615 1041 1689 1081; x_wconf 86' lang='lat' dir='ltr'><strong>Mi-</strong></span> 
     </span>
     <span class='ocr_line' id='line_1_15' title="bbox 334 1101 1688 1154; baseline -0.004 -9"><span class='ocrx_word' id='word_1_114' title='bbox 334 1104 483 1145; x_wconf 86' lang='lat' dir='ltr'><strong>chaelis</strong></span> <span class='ocrx_word' id='word_1_115' title='bbox 503 1104 667 1144; x_wconf 87' lang='lat' dir='ltr'><strong>Pselli.</strong></span> <span class='ocrx_word' id='word_1_116' title='bbox 698 1104 758 1143; x_wconf 92' lang='lat' dir='ltr'><strong>De</strong></span> <span class='ocrx_word' id='word_1_117' title='bbox 777 1104 845 1143; x_wconf 87' lang='lat' dir='ltr'><strong>fol.</strong></span> <span class='ocrx_word' id='word_1_118' title='bbox 868 1104 954 1143; x_wconf 89' lang='grc'><strong>294</strong></span> <span class='ocrx_word' id='word_1_119' title='bbox 972 1103 1021 1142; x_wconf 81' lang='lat' dir='ltr'><strong>cf.</strong></span> <span class='ocrx_word' id='word_1_120' title='bbox 1041 1114 1162 1153; x_wconf 90' lang='lat' dir='ltr'><strong>supra</strong></span> <span class='ocrx_word' id='word_1_121' title='bbox 1178 1115 1217 1153; x_wconf 89' lang='lat' dir='ltr'><strong>p.</strong></span> <span class='ocrx_word' id='word_1_122' title='bbox 1234 1102 1317 1141; x_wconf 91' lang='lat'><strong>181</strong></span> <span class='ocrx_word' id='word_1_123' title='bbox 1341 1115 1381 1141; x_wconf 92' lang='lat' dir='ltr'><strong>n.</strong></span> <span class='ocrx_word' id='word_1_124' title='bbox 1401 1102 1498 1141; x_wconf 88' lang='grc'><strong>224.</strong></span> <span class='ocrx_word' id='word_1_125' title='bbox 1516 1101 1688 1154; x_wconf 82' lang='lat' dir='ltr'><strong>Inspexi.</strong></span> 
     </span>
    </p>

    <p class='ocr_par' dir='ltr' id='par_1_5' title="bbox 335 1161 1691 1280">
     <span class='ocr_line' id='line_1_16' title="bbox 394 1161 1691 1221; baseline -0.004 -11"><span class='ocrx_word' id='word_1_126' title='bbox 394 1170 509 1210; x_wconf 87' lang='lat' dir='ltr'><strong>Alias</strong></span> <span class='ocrx_word' id='word_1_127' title='bbox 527 1169 686 1221; x_wconf 85' lang='lat' dir='ltr'><strong>quidem</strong></span> <span class='ocrx_word' id='word_1_128' title='bbox 700 1169 926 1220; x_wconf 77' lang='lat' dir='ltr'><strong>corpusculi</strong></span> <span class='ocrx_word' id='word_1_129' title='bbox 938 1167 1141 1219; x_wconf 87' lang='lat' dir='ltr'><strong>epistulas,</strong></span> <span class='ocrx_word' id='word_1_130' title='bbox 1160 1167 1228 1207; x_wconf 91' lang='lat' dir='ltr'><strong>sed</strong></span> <span class='ocrx_word' id='word_1_131' title='bbox 1241 1167 1427 1206; x_wconf 85' lang='lat' dir='ltr'><strong>ultimam</strong></span> <span class='ocrx_word' id='word_1_132' title='bbox 1440 1161 1536 1220; x_wconf 88' lang='grc'><strong>(26)</strong></span> <span class='ocrx_word' id='word_1_133' title='bbox 1551 1166 1691 1206; x_wconf 89' lang='lat' dir='ltr'><strong>eodem</strong></span> 
     </span>
     <span class='ocr_line' id='line_1_17' title="bbox 335 1226 1300 1280; baseline -0.003 -12"><span class='ocrx_word' id='word_1_134' title='bbox 335 1229 453 1270; x_wconf 89' lang='lat' dir='ltr'><strong>modo</strong></span> <span class='ocrx_word' id='word_1_135' title='bbox 477 1234 548 1269; x_wconf 85' lang='grc' dir='ltr'><strong>τοῦ</strong></span> <span class='ocrx_word' id='word_1_136' title='bbox 572 1227 696 1269; x_wconf 78' lang='grc' dir='ltr'><strong>αὐτοῦ</strong></span> <span class='ocrx_word' id='word_1_137' title='bbox 719 1228 967 1280; x_wconf 86' lang='lat' dir='ltr'><strong>inscriptam,</strong></span> <span class='ocrx_word' id='word_1_138' title='bbox 993 1226 1154 1267; x_wconf 84' lang='lat' dir='ltr'><strong>exhibet</strong></span> <span class='ocrx_word' id='word_1_139' title='bbox 1178 1226 1300 1266; x_wconf 87' lang='lat' dir='ltr'><strong>codex</strong></span> 
     </span>
    </p>

    <p class='ocr_par' dir='ltr' id='par_1_6' title="bbox 337 1291 1693 1529">
     <span class='ocr_line' id='line_1_18' title="bbox 397 1291 1691 1352; baseline -0.004 -12"><span class='ocrx_word' id='word_1_140' title='bbox 397 1301 495 1341; x_wconf 86' lang='lat'><strong>413.</strong></span> <span class='ocrx_word' id='word_1_141' title='bbox 526 1299 855 1339; x_wconf 87' lang='lat' dir='ltr'><strong>Baroccianus</strong></span> <span class='ocrx_word' id='word_1_142' title='bbox 888 1311 947 1351; x_wconf 82' lang='lat' dir='ltr'><strong>gr.</strong></span> <span class='ocrx_word' id='word_1_143' title='bbox 968 1298 1052 1338; x_wconf 90' lang='grc'><strong>216</strong></span> <span class='ocrx_word' id='word_1_144' title='bbox 1086 1292 1151 1352; x_wconf 86' lang='lat'><strong>(==</strong></span> <span class='ocrx_word' id='word_1_145' title='bbox 1175 1291 1302 1351; x_wconf 88' lang='lat' dir='ltr'><strong>Baro)</strong></span> <span class='ocrx_word' id='word_1_146' title='bbox 1331 1304 1384 1336; x_wconf 82' lang='lat' dir='ltr'><strong>sc.</strong></span> <span class='ocrx_word' id='word_1_147' title='bbox 1403 1295 1497 1346; x_wconf 82' lang='lat' dir='ltr'><strong>XV,</strong></span> <span class='ocrx_word' id='word_1_148' title='bbox 1524 1296 1594 1347; x_wconf 90' lang='lat' dir='ltr'><strong>qui</strong></span> <span class='ocrx_word' id='word_1_149' title='bbox 1621 1296 1691 1336; x_wconf 83' lang='lat' dir='ltr'><strong>fol.</strong></span> 
     </span>
     <span class='ocr_line' id='line_1_19' title="bbox 338 1355 1693 1410; baseline -0.004 -10"><span class='ocrx_word' id='word_1_150' title='bbox 338 1360 590 1400; x_wconf 63' lang='lat' dir='ltr'><strong>sor—302</strong></span> <span class='ocrx_word' id='word_1_151' title='bbox 615 1359 782 1410; x_wconf 85' lang='lat' dir='ltr'><strong>praebet</strong></span> <span class='ocrx_word' id='word_1_152' title='bbox 803 1371 942 1399; x_wconf 90' lang='lat' dir='ltr'><strong>comm.</strong></span> <span class='ocrx_word' id='word_1_153' title='bbox 961 1370 1022 1408; x_wconf 89' lang='lat' dir='ltr'><strong>ep.</strong></span> <span class='ocrx_word' id='word_1_154' title='bbox 1043 1358 1081 1397; x_wconf 93' lang='grc'><strong>9.</strong></span> <span class='ocrx_word' id='word_1_155' title='bbox 1110 1359 1147 1397; x_wconf 93' lang='grc'><strong>1.</strong></span> <span class='ocrx_word' id='word_1_156' title='bbox 1175 1358 1212 1395; x_wconf 94' lang='grc'><strong>2.</strong></span> <span class='ocrx_word' id='word_1_157' title='bbox 1239 1357 1277 1395; x_wconf 90' lang='grc'><strong>8.</strong></span> <span class='ocrx_word' id='word_1_158' title='bbox 1305 1357 1343 1396; x_wconf 94' lang='grc'><strong>7.</strong></span> <span class='ocrx_word' id='word_1_159' title='bbox 1369 1357 1437 1396; x_wconf 89' lang='grc'><strong>26.</strong></span> <span class='ocrx_word' id='word_1_160' title='bbox 1473 1355 1586 1396; x_wconf 75' lang='lat' dir='ltr'><strong>Inter</strong></span> <span class='ocrx_word' id='word_1_161' title='bbox 1605 1356 1630 1395; x_wconf 91' lang='grc'><strong>9</strong></span> <span class='ocrx_word' id='word_1_162' title='bbox 1651 1357 1693 1394; x_wconf 90' lang='lat' dir='ltr'><strong>et</strong></span> 
     </span>
     <span class='ocr_line' id='line_1_20' title="bbox 339 1414 1690 1469; baseline -0.004 -10"><span class='ocrx_word' id='word_1_163' title='bbox 339 1422 362 1459; x_wconf 95' lang='lat'>1</span> <span class='ocrx_word' id='word_1_164' title='bbox 390 1420 602 1459; x_wconf 84' lang='lat' dir='ltr'><strong>interiecta</strong></span> <span class='ocrx_word' id='word_1_165' title='bbox 627 1420 688 1458; x_wconf 86' lang='lat' dir='ltr'><strong>est</strong></span> <span class='ocrx_word' id='word_1_166' title='bbox 712 1417 856 1458; x_wconf 89' lang='lat' dir='ltr'><strong>Basilii</strong></span> <span class='ocrx_word' id='word_1_167' title='bbox 875 1430 935 1469; x_wconf 92' lang='lat' dir='ltr'><strong>ep.</strong></span> <span class='ocrx_word' id='word_1_168' title='bbox 952 1418 1048 1457; x_wconf 92' lang='grc'><strong>279.</strong></span> <span class='ocrx_word' id='word_1_169' title='bbox 1085 1415 1260 1456; x_wconf 86' lang='lat' dir='ltr'><strong>Contuli.</strong></span> <span class='ocrx_word' id='word_1_170' title='bbox 1298 1414 1356 1454; x_wconf 82' lang='lat' dir='ltr'><strong>cf.</strong></span> <span class='ocrx_word' id='word_1_171' title='bbox 1376 1415 1482 1455; x_wconf 87' lang='lat' dir='ltr'><strong>char.</strong></span> <span class='ocrx_word' id='word_1_172' title='bbox 1502 1427 1561 1466; x_wconf 91' lang='lat' dir='ltr'><strong>ep.</strong></span> <span class='ocrx_word' id='word_1_173' title='bbox 1580 1428 1620 1466; x_wconf 91' lang='lat' dir='ltr'><strong>p.</strong></span> <span class='ocrx_word' id='word_1_174' title='bbox 1637 1415 1690 1454; x_wconf 92' lang='grc'><strong>17</strong></span> 
     </span>
     <span class='ocr_line' id='line_1_21' title="bbox 337 1478 953 1529; baseline -0.003 -11"><span class='ocrx_word' id='word_1_175' title='bbox 337 1492 377 1518; x_wconf 90' lang='grc' dir='ltr'><strong>ιι.</strong></span> <span class='ocrx_word' id='word_1_176' title='bbox 396 1479 465 1518; x_wconf 88' lang='lat'><strong>41.</strong></span> <span class='ocrx_word' id='word_1_177' title='bbox 499 1478 604 1518; x_wconf 88' lang='lat' dir='ltr'><strong>Prol.</strong></span> <span class='ocrx_word' id='word_1_178' title='bbox 629 1491 669 1529; x_wconf 89' lang='lat' dir='ltr'><strong>p.</strong></span> <span class='ocrx_word' id='word_1_179' title='bbox 686 1478 769 1517; x_wconf 87' lang='lat'><strong>183</strong></span> <span class='ocrx_word' id='word_1_180' title='bbox 795 1491 833 1517; x_wconf 92' lang='grc' dir='ltr'><strong>ιι.</strong></span> <span class='ocrx_word' id='word_1_181' title='bbox 855 1478 953 1516; x_wconf 85' lang='grc'><strong>243.</strong></span> 
     </span>
    </p>
   </div>
   <div class='ocr_carea' id='block_1_3' title="bbox 333 1543 1692 1718">
    <p class='ocr_par' dir='ltr' id='par_1_7' title="bbox 333 1543 1692 1718">
     <span class='ocr_line' id='line_1_22' title="bbox 395 1543 1688 1600; baseline -0.005 -11"><span class='ocrx_word' id='word_1_182' title='bbox 395 1548 502 1589; x_wconf 89' lang='lat' dir='ltr'><strong>Loco</strong></span> <span class='ocrx_word' id='word_1_183' title='bbox 527 1548 724 1600; x_wconf 74' lang='lat' dir='ltr'><strong>epistulae</strong></span> <span class='ocrx_word' id='word_1_184' title='bbox 746 1548 771 1588; x_wconf 90' lang='grc'><strong>9</strong></span> <span class='ocrx_word' id='word_1_185' title='bbox 795 1547 1008 1599; x_wconf 84' lang='lat' dir='ltr'><strong>epistulam</strong></span> <span class='ocrx_word' id='word_1_186' title='bbox 1029 1548 1097 1596; x_wconf 86' lang='lat'>11,</span> <span class='ocrx_word' id='word_1_187' title='bbox 1122 1546 1297 1585; x_wconf 85' lang='lat' dir='ltr'><strong>ceterum</strong></span> <span class='ocrx_word' id='word_1_188' title='bbox 1315 1544 1475 1584; x_wconf 88' lang='lat' dir='ltr'><strong>easdem</strong></span> <span class='ocrx_word' id='word_1_189' title='bbox 1493 1556 1594 1595; x_wconf 90' lang='lat' dir='ltr'><strong>quas</strong></span> <span class='ocrx_word' id='word_1_190' title='bbox 1611 1543 1688 1583; x_wconf 85' lang='lat' dir='ltr'><strong>Ba·</strong></span> 
     </span>
     <span class='ocr_line' id='line_1_23' title="bbox 333 1602 1692 1659; baseline -0.004 -11"><span class='ocrx_word' id='word_1_191' title='bbox 333 1609 541 1648; x_wconf 89' lang='lat' dir='ltr'><strong>roccianus</strong></span> <span class='ocrx_word' id='word_1_192' title='bbox 566 1607 760 1659; x_wconf 83' lang='lat' dir='ltr'><strong>epistulas</strong></span> <span class='ocrx_word' id='word_1_193' title='bbox 785 1606 945 1646; x_wconf 84' lang='lat' dir='ltr'><strong>exhibet</strong></span> <span class='ocrx_word' id='word_1_194' title='bbox 967 1605 1149 1645; x_wconf 87' lang='lat' dir='ltr'><strong>medias</strong></span> <span class='ocrx_word' id='word_1_195' title='bbox 1170 1604 1213 1644; x_wconf 91' lang='lat' dir='ltr'><strong>in</strong></span> <span class='ocrx_word' id='word_1_196' title='bbox 1231 1604 1522 1644; x_wconf 84' lang='lat' dir='ltr'><strong>collectione</strong></span> <span class='ocrx_word' id='word_1_197' title='bbox 1541 1602 1692 1643; x_wconf 83' lang='lat' dir='ltr'><strong>Laca-</strong></span> 
     </span>
     <span class='ocr_line' id='line_1_24' title="bbox 335 1665 987 1718; baseline -0.005 -11"><span class='ocrx_word' id='word_1_198' title='bbox 335 1668 544 1718; x_wconf 90' lang='lat' dir='ltr'><strong>peniana</strong></span> <span class='ocrx_word' id='word_1_199' title='bbox 569 1667 629 1707; x_wconf 88' lang='lat' dir='ltr'><strong>bis</strong></span> <span class='ocrx_word' id='word_1_200' title='bbox 655 1668 841 1718; x_wconf 88' lang='lat' dir='ltr'><strong>excerpta</strong></span> <span class='ocrx_word' id='word_1_201' title='bbox 865 1665 987 1706; x_wconf 85' lang='lat' dir='ltr'><strong>codex</strong></span> 
     </span>
    </p>
   </div>
   <div class='ocr_carea' id='block_1_4' title="bbox 337 1729 1694 2084">
    <p class='ocr_par' dir='ltr' id='par_1_8' title="bbox 337 1729 1694 2084">
     <span class='ocr_line' id='line_1_25' title="bbox 398 1729 1691 1789; baseline -0.004 -11"><span class='ocrx_word' id='word_1_202' title='bbox 398 1739 498 1779; x_wconf 91' lang='lat'><strong>414.</strong></span> <span class='ocrx_word' id='word_1_203' title='bbox 523 1737 896 1778; x_wconf 79' lang='lat' dir='ltr'><strong>Aurelianensis</strong></span> <span class='ocrx_word' id='word_1_204' title='bbox 920 1736 1115 1776; x_wconf 89' lang='lat' dir='ltr'><strong>urbicus</strong></span> <span class='ocrx_word' id='word_1_205' title='bbox 1142 1737 1167 1775; x_wconf 88' lang='lat'>3</span> <span class='ocrx_word' id='word_1_206' title='bbox 1198 1729 1263 1789; x_wconf 93' lang='lat'><strong>(=</strong></span> <span class='ocrx_word' id='word_1_207' title='bbox 1282 1730 1389 1789; x_wconf 84' lang='lat' dir='ltr'><strong>Aur)</strong></span> <span class='ocrx_word' id='word_1_208' title='bbox 1420 1746 1471 1774; x_wconf 90' lang='lat' dir='ltr'><strong>sc.</strong></span> <span class='ocrx_word' id='word_1_209' title='bbox 1490 1729 1691 1787; x_wconf 69' lang='lat' dir='ltr'><strong>XVJXVI.</strong></span> 
     </span>
     <span class='ocr_line' id='line_1_26' title="bbox 337 1792 1692 1848; baseline -0.004 -11"><span class='ocrx_word' id='word_1_210' title='bbox 337 1798 386 1837; x_wconf 93' lang='lat' dir='ltr'><strong>In</strong></span> <span class='ocrx_word' id='word_1_211' title='bbox 415 1797 493 1837; x_wconf 91' lang='lat' dir='ltr'><strong>fine</strong></span> <span class='ocrx_word' id='word_1_212' title='bbox 525 1797 670 1837; x_wconf 84' lang='lat' dir='ltr'><strong>codicis</strong></span> <span class='ocrx_word' id='word_1_213' title='bbox 699 1798 793 1848; x_wconf 89' lang='lat' dir='ltr'><strong>post</strong></span> <span class='ocrx_word' id='word_1_214' title='bbox 817 1795 1000 1848; x_wconf 79' lang='lat' dir='ltr'><strong>Gregorii</strong></span> <span class='ocrx_word' id='word_1_215' title='bbox 1023 1795 1119 1835; x_wconf 82' lang='lat' dir='ltr'><strong>Naz.</strong></span> <span class='ocrx_word' id='word_1_216' title='bbox 1145 1794 1323 1834; x_wconf 88' lang='lat' dir='ltr'><strong>carmina</strong></span> <span class='ocrx_word' id='word_1_217' title='bbox 1352 1794 1490 1833; x_wconf 86' lang='lat' dir='ltr'><strong>extant</strong></span> <span class='ocrx_word' id='word_1_218' title='bbox 1513 1792 1692 1843; x_wconf 90' lang='lat' dir='ltr'><strong>reliquae</strong></span> 
     </span>
     <span class='ocr_line' id='line_1_27' title="bbox 337 1851 1689 1909; baseline -0.005 -12"><span class='ocrx_word' id='word_1_219' title='bbox 337 1857 564 1909; x_wconf 78' lang='lat' dir='ltr'><strong>corpusculi</strong></span> <span class='ocrx_word' id='word_1_220' title='bbox 581 1870 642 1908; x_wconf 89' lang='lat' dir='ltr'><strong>ep.</strong></span> <span class='ocrx_word' id='word_1_221' title='bbox 663 1857 850 1897; x_wconf 87' lang='lat'>18—20.</span> <span class='ocrx_word' id='word_1_222' title='bbox 876 1857 945 1895; x_wconf 90' lang='grc'><strong>22.</strong></span> <span class='ocrx_word' id='word_1_223' title='bbox 972 1857 1039 1895; x_wconf 91' lang='grc'><strong>21.</strong></span> <span class='ocrx_word' id='word_1_224' title='bbox 1062 1855 1127 1894; x_wconf 92' lang='grc'><strong>16.</strong></span> <span class='ocrx_word' id='word_1_225' title='bbox 1153 1854 1218 1893; x_wconf 91' lang='grc'><strong>17.</strong></span> <span class='ocrx_word' id='word_1_226' title='bbox 1241 1853 1294 1893; x_wconf 88' lang='grc'><strong>15</strong></span> <span class='ocrx_word' id='word_1_227' title='bbox 1315 1853 1356 1892; x_wconf 91' lang='lat' dir='ltr'><strong>et</strong></span> <span class='ocrx_word' id='word_1_228' title='bbox 1373 1852 1478 1892; x_wconf 90' lang='lat' dir='ltr'><strong>inter</strong></span> <span class='ocrx_word' id='word_1_229' title='bbox 1497 1853 1554 1892; x_wconf 91' lang='grc'><strong>20</strong></span> <span class='ocrx_word' id='word_1_230' title='bbox 1573 1853 1615 1890; x_wconf 90' lang='lat' dir='ltr'><strong>et</strong></span> <span class='ocrx_word' id='word_1_231' title='bbox 1634 1851 1689 1890; x_wconf 91' lang='grc'><strong>22</strong></span> 
     </span>
     <span class='ocr_line' id='line_1_28' title="bbox 337 1908 1691 1968; baseline -0.005 -12"><span class='ocrx_word' id='word_1_232' title='bbox 337 1930 399 1968; x_wconf 89' lang='lat' dir='ltr'><strong>ep.</strong></span> <span class='ocrx_word' id='word_1_233' title='bbox 421 1918 534 1957; x_wconf 91' lang='grc'><strong>1557</strong></span> <span class='ocrx_word' id='word_1_234' title='bbox 555 1916 619 1955; x_wconf 92' lang='lat' dir='ltr'><strong>W.</strong></span> <span class='ocrx_word' id='word_1_235' title='bbox 639 1934 683 1947; x_wconf 92' lang='lat'>=</span> <span class='ocrx_word' id='word_1_236' title='bbox 704 1915 880 1955; x_wconf 89' lang='lat' dir='ltr'><strong>Basilii</strong></span> <span class='ocrx_word' id='word_1_237' title='bbox 905 1928 966 1966; x_wconf 88' lang='lat' dir='ltr'><strong>ep.</strong></span> <span class='ocrx_word' id='word_1_238' title='bbox 987 1908 1117 1967; x_wconf 83' lang='lat'>328²)</span> <span class='ocrx_word' id='word_1_239' title='bbox 1143 1913 1358 1963; x_wconf 86' lang='lat' dir='ltr'><strong>inscriptae</strong></span> <span class='ocrx_word' id='word_1_240' title='bbox 1382 1910 1560 1964; x_wconf 76' lang='grc' dir='ltr'><strong>λιβᾶνιος</strong></span> <span class='ocrx_word' id='word_1_241' title='bbox 1579 1910 1691 1963; x_wconf 84' lang='grc' dir='ltr'><strong>βασι-</strong></span> 
     </span>
     <span class='ocr_line' id='line_1_29' title="bbox 337 1971 1694 2032; baseline -0.005 -16"><span class='ocrx_word' id='word_1_242' title='bbox 337 1976 427 2032; x_wconf 68' lang='grc' dir='ltr'><strong>λείῳ</strong></span> <span class='ocrx_word' id='word_1_243' title='bbox 458 1979 511 2031; x_wconf 76' lang='grc' dir='ltr'><strong>τῷ</strong></span> <span class='ocrx_word' id='word_1_244' title='bbox 542 1974 707 2031; x_wconf 63' lang='grc' dir='ltr'><strong>μεγάλῳ.</strong></span> <span class='ocrx_word' id='word_1_245' title='bbox 745 1974 958 2025; x_wconf 80' lang='lat' dir='ltr'><strong>Excerpsit</strong></span> <span class='ocrx_word' id='word_1_246' title='bbox 989 1974 1030 2013; x_wconf 89' lang='lat' dir='ltr'><strong>et</strong></span> <span class='ocrx_word' id='word_1_247' title='bbox 1054 1985 1075 2012; x_wconf 89' lang='lat' dir='ltr'><strong>e</strong></span> <span class='ocrx_word' id='word_1_248' title='bbox 1098 1974 1214 2024; x_wconf 89' lang='lat' dir='ltr'><strong>parte</strong></span> <span class='ocrx_word' id='word_1_249' title='bbox 1239 1984 1371 2011; x_wconf 88' lang='lat' dir='ltr'><strong>meum</strong></span> <span class='ocrx_word' id='word_1_250' title='bbox 1393 1971 1437 2010; x_wconf 91' lang='lat' dir='ltr'><strong>in</strong></span> <span class='ocrx_word' id='word_1_251' title='bbox 1460 1983 1578 2010; x_wconf 89' lang='lat' dir='ltr'><strong>usum</strong></span> <span class='ocrx_word' id='word_1_252' title='bbox 1602 1982 1694 2010; x_wconf 90' lang='lat' dir='ltr'><strong>con-</strong></span> 
     </span>
     <span class='ocr_line' id='line_1_30' title="bbox 338 2031 1394 2084; baseline -0.006 -9"><span class='ocrx_word' id='word_1_253' title='bbox 338 2036 438 2075; x_wconf 84' lang='lat' dir='ltr'><strong>tulit</strong></span> <span class='ocrx_word' id='word_1_254' title='bbox 462 2034 628 2075; x_wconf 84' lang='lat' dir='ltr'><strong>Carolus</strong></span> <span class='ocrx_word' id='word_1_255' title='bbox 653 2033 800 2074; x_wconf 82' lang='lat' dir='ltr'><strong>Graux.</strong></span> <span class='ocrx_word' id='word_1_256' title='bbox 838 2032 896 2073; x_wconf 87' lang='lat' dir='ltr'><strong>Cf.</strong></span> <span class='ocrx_word' id='word_1_257' title='bbox 921 2045 1043 2084; x_wconf 87' lang='lat' dir='ltr'><strong>supra</strong></span> <span class='ocrx_word' id='word_1_258' title='bbox 1065 2045 1104 2083; x_wconf 93' lang='lat' dir='ltr'><strong>p.</strong></span> <span class='ocrx_word' id='word_1_259' title='bbox 1127 2032 1211 2071; x_wconf 89' lang='grc'><strong>157</strong></span> <span class='ocrx_word' id='word_1_260' title='bbox 1237 2045 1275 2070; x_wconf 85' lang='grc' dir='ltr'><strong>ιι.</strong></span> <span class='ocrx_word' id='word_1_261' title='bbox 1298 2031 1394 2070; x_wconf 90' lang='grc'><strong>169.</strong></span> 
     </span>
    </p>
   </div>
   <div class='ocr_carea' id='block_1_5' title="bbox 400 2105 830 2146">
    <p class='ocr_par' dir='ltr' id='par_1_9' title="bbox 400 2105 830 2146">
     <span class='ocr_line' id='line_1_31' title="bbox 400 2105 830 2146; baseline -0.005 -1"><span class='ocrx_word' id='word_1_262' title='bbox 400 2106 539 2146; x_wconf 83' lang='lat' dir='ltr'><strong>Finem</strong></span> <span class='ocrx_word' id='word_1_263' title='bbox 560 2105 686 2145; x_wconf 83' lang='lat' dir='ltr'><strong>faciat</strong></span> <span class='ocrx_word' id='word_1_264' title='bbox 708 2105 830 2144; x_wconf 84' lang='lat' dir='ltr'><strong>codex</strong></span> 
     </span>
    </p>
   </div>
   <div class='ocr_carea' id='block_1_6' title="bbox 267 2169 1691 2345">
    <p class='ocr_par' dir='ltr' id='par_1_10' title="bbox 267 2169 1691 2345">
     <span class='ocr_line' id='line_1_32' title="bbox 267 2169 1691 2227; baseline -0.006 -10"><span class='ocrx_word' id='word_1_265' title='bbox 267 2184 338 2217; x_wconf 78' lang='grc'><strong>669</strong></span> <span class='ocrx_word' id='word_1_266' title='bbox 400 2177 499 2217; x_wconf 82' lang='grc'><strong>415.</strong></span> <span class='ocrx_word' id='word_1_267' title='bbox 524 2177 774 2216; x_wconf 89' lang='lat' dir='ltr'><strong>Parisinus</strong></span> <span class='ocrx_word' id='word_1_268' title='bbox 799 2174 979 2227; x_wconf 85' lang='lat' dir='ltr'><strong>Regius</strong></span> <span class='ocrx_word' id='word_1_269' title='bbox 1007 2174 1135 2223; x_wconf 90' lang='grc'><strong>2281,</strong></span> <span class='ocrx_word' id='word_1_270' title='bbox 1166 2185 1188 2212; x_wconf 90' lang='lat' dir='ltr'><strong>e</strong></span> <span class='ocrx_word' id='word_1_271' title='bbox 1213 2185 1293 2223; x_wconf 93' lang='lat' dir='ltr'><strong>quo</strong></span> <span class='ocrx_word' id='word_1_272' title='bbox 1319 2170 1592 2212; x_wconf 88' lang='lat' dir='ltr'><strong>Cotelerius</strong></span> <span class='ocrx_word' id='word_1_273' title='bbox 1618 2169 1691 2209; x_wconf 84' lang='lat' dir='ltr'><strong>Ec·</strong></span> 
     </span>
     <span class='ocr_line' id='line_1_33' title="bbox 340 2230 1691 2284; baseline -0.007 -8"><span class='ocrx_word' id='word_1_274' title='bbox 340 2237 431 2276; x_wconf 89' lang='lat' dir='ltr'><strong>cles.</strong></span> <span class='ocrx_word' id='word_1_275' title='bbox 461 2235 598 2276; x_wconf 82' lang='lat' dir='ltr'><strong>Graec.</strong></span> <span class='ocrx_word' id='word_1_276' title='bbox 629 2247 802 2274; x_wconf 88' lang='lat' dir='ltr'><strong>monum.</strong></span> <span class='ocrx_word' id='word_1_277' title='bbox 826 2237 857 2274; x_wconf 91' lang='lat' dir='ltr'><strong>t.</strong></span> <span class='ocrx_word' id='word_1_278' title='bbox 875 2234 917 2273; x_wconf 91' lang='lat'>11</span> <span class='ocrx_word' id='word_1_279' title='bbox 941 2247 981 2284; x_wconf 88' lang='lat' dir='ltr'><strong>p.</strong></span> <span class='ocrx_word' id='word_1_280' title='bbox 1002 2235 1056 2273; x_wconf 89' lang='grc'><strong>97</strong></span> <span class='ocrx_word' id='word_1_281' title='bbox 1095 2233 1246 2283; x_wconf 86' lang='lat' dir='ltr'><strong>primus</strong></span> <span class='ocrx_word' id='word_1_282' title='bbox 1278 2243 1417 2270; x_wconf 89' lang='lat' dir='ltr'><strong>comm.</strong></span> <span class='ocrx_word' id='word_1_283' title='bbox 1443 2243 1504 2281; x_wconf 88' lang='lat' dir='ltr'><strong>ep.</strong></span> <span class='ocrx_word' id='word_1_284' title='bbox 1527 2230 1580 2268; x_wconf 91' lang='grc'><strong>26</strong></span> <span class='ocrx_word' id='word_1_285' title='bbox 1615 2241 1691 2279; x_wconf 90' lang='lat' dir='ltr'><strong>pu-</strong></span> 
     </span>
     <span class='ocr_line' id='line_1_34' title="bbox 340 2289 1605 2345; baseline -0.006 -10"><span class='ocrx_word' id='word_1_286' title='bbox 340 2295 435 2335; x_wconf 87' lang='lat' dir='ltr'><strong>blici</strong></span> <span class='ocrx_word' id='word_1_287' title='bbox 458 2295 558 2334; x_wconf 89' lang='lat' dir='ltr'><strong>iuris</strong></span> <span class='ocrx_word' id='word_1_288' title='bbox 582 2295 691 2344; x_wconf 85' lang='lat' dir='ltr'><strong>fecit,</strong></span> <span class='ocrx_word' id='word_1_289' title='bbox 715 2294 785 2333; x_wconf 87' lang='lat' dir='ltr'><strong>sed</strong></span> <span class='ocrx_word' id='word_1_290' title='bbox 808 2306 927 2345; x_wconf 90' lang='lat' dir='ltr'><strong>quem</strong></span> <span class='ocrx_word' id='word_1_291' title='bbox 950 2292 1068 2332; x_wconf 88' lang='lat' dir='ltr'><strong>hodie</strong></span> <span class='ocrx_word' id='word_1_292' title='bbox 1092 2292 1197 2331; x_wconf 84' lang='lat' dir='ltr'><strong>ferat</strong></span> <span class='ocrx_word' id='word_1_293' title='bbox 1219 2303 1428 2330; x_wconf 85' lang='lat' dir='ltr'><strong>numerum</strong></span> <span class='ocrx_word' id='word_1_294' title='bbox 1451 2289 1605 2340; x_wconf 85' lang='lat' dir='ltr'><strong>ignoro.</strong></span> 
     </span>
    </p>
   </div>
   <div class='ocr_carea' id='block_1_7' title="bbox 401 2394 1690 2495">
    <p class='ocr_par' dir='ltr' id='par_1_11' title="bbox 401 2394 1690 2495">
     <span class='ocr_line' id='line_1_35' title="bbox 403 2394 1383 2443; baseline -0.005 -11"><span class='ocrx_word' id='word_1_295' title='bbox 403 2398 438 2443; x_wconf 91' lang='lat'>1)</span> <span class='ocrx_word' id='word_1_296' title='bbox 463 2394 517 2432; x_wconf 83' lang='lat' dir='ltr'><strong>cf.</strong></span> <span class='ocrx_word' id='word_1_297' title='bbox 535 2398 561 2432; x_wconf 85' lang='lat' dir='ltr'><strong>t.</strong></span> <span class='ocrx_word' id='word_1_298' title='bbox 580 2395 630 2432; x_wconf 83' lang='lat' dir='ltr'><strong>VI</strong></span> <span class='ocrx_word' id='word_1_299' title='bbox 648 2398 719 2431; x_wconf 79' lang='lat'><strong>500</strong></span> <span class='ocrx_word' id='word_1_300' title='bbox 743 2406 781 2430; x_wconf 84' lang='lat' dir='ltr'><strong>u.</strong></span> <span class='ocrx_word' id='word_1_301' title='bbox 801 2397 870 2430; x_wconf 81' lang='grc'><strong>248</strong></span> <span class='ocrx_word' id='word_1_302' title='bbox 895 2395 935 2430; x_wconf 86' lang='lat' dir='ltr'><strong>et</strong></span> <span class='ocrx_word' id='word_1_303' title='bbox 958 2403 1072 2439; x_wconf 80' lang='lat' dir='ltr'><strong>supra</strong></span> <span class='ocrx_word' id='word_1_304' title='bbox 1095 2405 1132 2439; x_wconf 90' lang='lat' dir='ltr'><strong>p.</strong></span> <span class='ocrx_word' id='word_1_305' title='bbox 1153 2395 1219 2428; x_wconf 84' lang='lat'><strong>181</strong></span> <span class='ocrx_word' id='word_1_306' title='bbox 1245 2403 1281 2427; x_wconf 84' lang='lat' dir='ltr'><strong>n.</strong></span> <span class='ocrx_word' id='word_1_307' title='bbox 1302 2394 1383 2427; x_wconf 81' lang='grc'><strong>223.</strong></span> 
     </span>
     <span class='ocr_line' id='line_1_36' title="bbox 401 2442 1690 2495; baseline -0.007 -10"><span class='ocrx_word' id='word_1_308' title='bbox 401 2451 438 2495; x_wconf 77' lang='grc'><strong>2)</strong></span> <span class='ocrx_word' id='word_1_309' title='bbox 456 2448 597 2485; x_wconf 83' lang='lat' dir='ltr'><strong>Eadem</strong></span> <span class='ocrx_word' id='word_1_310' title='bbox 616 2447 781 2494; x_wconf 87' lang='lat' dir='ltr'><strong>epistula</strong></span> <span class='ocrx_word' id='word_1_311' title='bbox 798 2447 895 2483; x_wconf 85' lang='lat' dir='ltr'><strong>inter</strong></span> <span class='ocrx_word' id='word_1_312' title='bbox 911 2457 1043 2483; x_wconf 87' lang='lat' dir='ltr'><strong>comm.</strong></span> <span class='ocrx_word' id='word_1_313' title='bbox 1064 2457 1121 2491; x_wconf 85' lang='lat' dir='ltr'><strong>ep.</strong></span> <span class='ocrx_word' id='word_1_314' title='bbox 1135 2449 1181 2480; x_wconf 80' lang='lat'><strong>22</strong></span> <span class='ocrx_word' id='word_1_315' title='bbox 1200 2446 1239 2480; x_wconf 90' lang='lat' dir='ltr'><strong>et</strong></span> <span class='ocrx_word' id='word_1_316' title='bbox 1257 2448 1278 2479; x_wconf 85' lang='grc'><strong>2</strong></span> <span class='ocrx_word' id='word_1_317' title='bbox 1297 2443 1338 2479; x_wconf 89' lang='lat' dir='ltr'><strong>in</strong></span> <span class='ocrx_word' id='word_1_318' title='bbox 1350 2442 1472 2479; x_wconf 87' lang='lat' dir='ltr'><strong>Vatic.</strong></span> <span class='ocrx_word' id='word_1_319' title='bbox 1486 2444 1555 2478; x_wconf 80' lang='grc'><strong>926</strong></span> <span class='ocrx_word' id='word_1_320' title='bbox 1575 2442 1690 2477; x_wconf 86' lang='lat' dir='ltr'><strong>extat.</strong></span> 
     </span>
    </p>
   </div>
  </div>
 </body>
</html>
