1872 2924
340 210 400 251 96
645 207 1011 244 PROLEGOMENA
1039 207 1104 243 AD
1130 207 1388 243 EPISTULAS

343 298 622 347 praetermissa
641 298 711 335 est.
744 295 944 341 Quattuor
968 298 1133 334 tantum·
1152 297 1301 344 extant,
1326 308 1428 345 quae
1447 295 1498 341 ab
1516 297 1587 335 illo
1601 299 1696 335 sunt

342 359 528 396 omissae:
541 357 618 407 ρμδ
632 351 696 408 (=
713 351 830 408 635),
844 355 922 406 ρξθ
934 350 999 408 (=
1015 351 1133 408 324),
1146 351 1280 407 σιζ(Ξ
1290 350 1408 407 857),
1422 350 1564 408 σιθ(Ξ
1575 353 1693 406 440).

342 416 449 460 Quas
463 416 699 454 Mutinensis
712 414 911 453 communi
923 415 1102 464 exemplo
1117 414 1234 452 debet
1252 414 1315 452 vel
1332 414 1490 453 aliunde
1513 416 1694 464 sumpsit.

346 476 540 527 Cognatio
560 474 751 513 Marciani
777 487 797 512 e
824 474 1086 525 singularium
1111 474 1305 512 vitiorum
1328 485 1520 512 consensu
1542 474 1694 524 patefit,

343 549 364 573 e
390 535 534 584 quibus
559 534 637 572 duo
663 545 989 572 commemorasse
1015 533 1113 572 satis
1139 534 1230 571 erit:
1256 532 1426 584 φάλβιος
1443 545 1516 582 pro
1536 532 1697 585 σᾶλβιος

347 597 386 632 iu
411 595 526 632 initio
553 607 613 643 ep.
636 594 767 642 1423,
803 592 907 642 quod
939 593 1085 631 vitium
1108 605 1251 642 parum
1275 594 1523 642 perspectum
1549 591 1696 631 Punto-

347 654 455 691 nium
481 653 657 697 adduxit,
691 654 736 690 ut
761 652 974 702 epistulam
998 663 1070 701 pro
1095 651 1247 691 inedita
1271 651 1445 701 haberet,
1473 653 1513 690 et
1536 649 1697 691 ἀκούειν

345 712 421 752 ἐῶν
452 712 504 751 ad
534 713 719 751 lacunam
752 710 984 760 explendam
1014 710 1057 748 in
1083 724 1143 760 ep.
1166 711 1278 749 1045
1305 711 1506 749 insertum.
1547 710 1624 750 Sed
1655 710 1696 748 iu

347 772 573 810 universum
599 771 726 809 multo
753 770 978 809 mendosior
1002 772 1062 809 est
1087 783 1206 820 quam
1231 770 1467 810 Marcianus.

406 831 620 870 Adhibitus
652 832 712 869 est
741 832 788 869 ut
811 830 1098 869 Mutinensis
1124 828 1154 868 C
1186 842 1210 867 a
1235 829 1501 880 Rostgaardo,
1532 842 1554 867 e
1585 830 1697 868 cuius

346 891 576 942 apographo
609 889 775 928 Wolfius
807 902 866 939 ep.
896 889 1184 928 1183—1187
1220 889 1354 928 edidit.
1394 888 1630 928 Examinavi
1661 901 1696 927 a.

349 952 473 989 1870.

592 1063 642 1101 ΙΙ.
676 1062 746 1099 DE
786 1060 1010 1100 ECLOGIS
1050 1060 1444 1099 EPISTULARUM.

346 1142 376 1197 ἓ
396 1140 437 1185 4.
462 1142 522 1185 De
542 1141 695 1198 ecloga
720 1140 1005 1198 epistularum
1026 1144 1068 1182 Σ
1091 1153 1114 1183 e
1140 1139 1311 1197 sylloga
1335 1138 1478 1184 altera
1502 1138 1700 1197 profecta

348 1207 392 1250 et
411 1220 434 1250 e
453 1206 601 1251 codice
620 1206 678 1250 ad
697 1205 980 1263 archetypum
992 1219 1028 1249 a
1045 1204 1256 1249 redeunte
1276 1204 1406 1249 aucta
1424 1204 1468 1248 et
1487 1205 1696 1248 correcta.

407 1295 538 1346 Longe
566 1296 699 1333 autem
718 1293 896 1332 omnium
915 1293 1113 1331 maximus
1133 1294 1194 1331 est
1212 1305 1398 1330 numerus
1417 1292 1607 1342 codicum,
1628 1291 1699 1341 qui

346 1367 392 1391 ex
424 1354 639 1404 exemplari
670 1365 690 1392 e
713 1353 928 1402 fluxerunt,
959 1352 1066 1402 quod
1098 1364 1341 1391 communem
1371 1351 1533 1401 quidem
1558 1363 1646 1390 cum
1673 1351 1700 1389 d

346 1414 497 1452 fontem
531 1413 675 1451 habuit
705 1425 740 1461 c,
771 1411 840 1451 sed
871 1412 993 1450 etiam
1025 1411 1210 1450 similiter
1234 1413 1354 1461 atque
1379 1410 1500 1450 codex
1532 1411 1592 1450 Va
1617 1410 1698 1448 vim

347 1472 493 1512 codicis
520 1485 566 1510 ex
592 1472 808 1522 archetypo
835 1483 861 1510 α
885 1471 1055 1521 profecti
1080 1473 1284 1521 expertum
1311 1474 1379 1509 est.
1413 1469 1534 1508 Cuius
1554 1470 1612 1507 rei
1631 1469 1698 1507 do-

347 1534 575 1570 cumentum
607 1531 968 1571 luculentissimum
998 1532 1070 1581 est,
1102 1530 1207 1580 quod
1232 1530 1386 1569 codices
1411 1530 1559 1568 diversi
1581 1529 1699 1567 huius

346 1591 484 1630 classis
510 1604 632 1641 prope
659 1590 817 1641 quidem
843 1603 866 1628 a
893 1590 1017 1629 VaVo
1036 1591 1162 1638 stant,
1189 1589 1256 1628 sed
1277 1590 1398 1628 etiam
1418 1589 1543 1634 locos,
1568 1589 1697 1637 quiin

347 1651 407 1688 his
434 1663 560 1700 aeque
581 1653 701 1700 atque
725 1651 764 1688 in
795 1650 827 1687 V
837 1650 1010 1694 M01Ma
1028 1649 1269 1698 exciderunt,
1294 1648 1357 1688 vel
1377 1649 1577 1696 lectiones,
1597 1660 1697 1697 quae

347 1711 388 1747 in
420 1710 501 1748 illis
533 1712 745 1759 corruptae
770 1710 875 1758 sunt,
905 1709 1080 1759 integras
1106 1710 1375 1747 servaverunt.
1413 1707 1544 1757 Atque
1570 1720 1698 1746 exem-

346 1770 436 1819 plar
459 1769 573 1821 illud,
599 1769 704 1818 quod
723 1768 861 1807 littera
881 1770 921 1806 Σ
942 1767 1134 1819 significo,
1160 1768 1339 1818 eclogam
1364 1767 1592 1806 continebat
1616 1766 1697 1815 epi·

347 1829 544 1868 stularum
569 1830 667 1867 satis
693 1829 885 1877 amplam,
916 1840 1020 1877 quae
1046 1827 1221 1876 corporis
1246 1826 1406 1876 quidem
1431 1825 1608 1864 ordinem
1632 1826 1699 1863 hic

347 1888 432 1926 illic
452 1889 639 1936 servavit,
664 1887 821 1937 saepius
840 1888 1023 1927 mutavit.
1050 1886 1191 1925 Plures
1211 1887 1294 1925 eius
1314 1884 1585 1936 agnoscendae
1605 1886 1698 1923 sunt

348 1949 605 1998 propagines,
639 1947 750 1985 nulla
776 1959 868 1985 vero
892 1947 1012 1996 plena
1035 1958 1200 1984 numero
1227 1948 1267 1984 et
1290 1947 1449 1996 integra
1478 1945 1590 1982 textu
1615 1944 1696 1993 epi-

348 2007 557 2045 stularum.

408 2066 466 2105 Ac
485 2067 638 2115 primae
663 2065 824 2116 quidem
843 2068 884 2103 et
902 2065 1172 2114 amplissimae
1193 2063 1423 2114 propaginis
1451 2063 1617 2113 signifer
1638 2064 1699 2101 est

409 2138 476 2176 55.
504 2137 772 2175 Sinaiticus
805 2150 862 2188 gr.
886 2137 998 2175 1198
1026 2131 1091 2188 (=
1113 2131 1158 2188 S)
1190 2147 1241 2174 sc.
1261 2130 1400 2186 X1V1)
1431 2134 1498 2172 fol.
1522 2134 1695 2172 9—115

349 2196 619 2235 collectionem
648 2197 731 2234 583
765 2196 1027 2245 epistularum
1059 2195 1235 2233 continet
1258 2193 1490 2243 inscriptam
1515 2192 1697 2244 λιβανίου

348 2261 417 2294 τοῦ
444 2261 634 2306 σοφιστοῦ
653 2254 860 2294 ἐπιστολαί.
897 2255 1008 2293 Inter
1027 2255 1094 2292 fol.
1117 2255 1170 2293 56
1198 2255 1238 2292 et
1258 2255 1312 2292 57
1333 2252 1479 2291 excidit
1497 2266 1620 2290 unum
1639 2252 1697 2290 fo-

344 2314 464 2363 lium,
496 2328 573 2364 quo
604 2315 694 2353 finis
726 2328 785 2364 ep.
809 2316 861 2353 75
889 2308 953 2367 (=
977 2308 1130 2366 1061),
1155 2326 1214 2363 ep.
1236 2313 1407 2351 76——79
1436 2308 1500 2363 (=
1523 2312 1698 2351 1063—

411 2431 442 2472 1)
470 2428 524 2464 Cf.
544 2431 569 2464 t.
592 2429 696 2463 1335
722 2441 756 2463 n.
778 2432 834 2463 43.
