1872 2924
338 203 398 246 94
642 200 1012 238 PROLEGOMENA
1037 203 1103 237 AD
1131 202 1392 239 EmsTuLAs

340 290 643 342 Pandolfini,
668 290 737 340 qui
764 290 941 329 Venetiis
967 290 1127 329 Musuri¹
1145 290 1372 341 discipulus,
1402 305 1437 331 a.
1460 293 1573 334 1483
1600 306 1697 333 vero

339 350 538 389 decemvir
564 350 816 388 Florentinus
842 344 982 403 suit¹)‚
1010 349 1208 388 Ioannis
1235 350 1460 390 Saibanti
1487 353 1527 390 et
1552 351 1699 392 Gian-

341 409 508 460 filippi
534 403 938 461 Veronensium'),
963 408 1131 458 denique
1156 408 1248 447 inde
1274 410 1324 448 ab
1344 423 1377 449 a.
1395 412 1508 450 1842
1532 410 1698 451 Comitis

341 491 389 530 de
408 491 686 530 Ashburnham
695 485 743 544 ⁸).
757 491 976 541 Inscriptus
991 493 1051 531 est
1063 473 1345 532 AIBANI'OY
1366 475 1696 533 ΕΠΙΣΤΟΛΑῘ.

340 551 507 589 Numeri
533 550 794 600 epistularum
814 550 968 588 desunt.
1003 549 1189 589 Continet
1207 553 1365 590 tantum
1388 553 1471 592 185
1493 553 1697 603 epistulas.

341 611 445 648 Nam
477 622 599 660 opera
628 609 782 647 librarii
815 610 882 648 fol.
907 611 959 647 72
993 609 1123 648 media
1153 611 1195 648 in
1228 623 1287 660 ep.
1309 612 1392 650 436
1426 607 1480 664 (Χ
1502 613 1601 662 429,
1623 608 1698 666 10)

342 669 472 709 verbis
498 667 650 708 ἀδικεῖν
676 664 785 719 οἶμαι
810 665 934 716 ἄλλως
959 683 998 707 τε
1024 669 1142 708 desiit
1166 670 1342 720 foliaque
1366 670 1446 710 duo
1465 671 1609 710 ultima
1630 684 1698 711 va·

343 741 418 768 cua
442 729 583 767 relicta
606 730 712 767 sunt.

404 787 494 827 Mea
518 788 652 839 gratia
677 788 922 825 examinavit
940 787 1114 826 codicem
1134 801 1159 826 a
1179 786 1331 827 Comite
1351 788 1398 826 de
1418 789 1701 829 Ashburnham

345 848 387 885 in
426 847 609 885 Museum
646 846 924 885 Britannicum
967 848 1130 885 missum
1168 847 1213 885 E.
1244 847 1417 886 Maunde
1461 848 1700 899 Thompson.

437 905 590 944 De'inde
617 906 840 944 scholarum
865 906 907 943 in
934 919 1046 945 usum
1075 906 1212 957 ecloga
1237 919 1258 945 e
1276 906 1478 946 Marciano
1498 908 1606 947 facta
1631 911 1702 947 est.

350 965 472 1004 Cuius
497 965 599 1003 duae
626 967 764 1003 extant
782 965 1034 1016 propagines,
1059 965 1211 1004 codices
1232 965 1514 1006 Riccardianus
1534 969 1574 1005 et
1592 967 1700 1006 Pari-

350 1027 469 1064 sinus.
509 1024 569 1062 Ac
593 1024 714 1074 paulo
740 1024 895 1074 plenior
920 1026 980 1062 est

276 1090 342 1122 ὅθι
409 1085 476 1122 52.
502 1082 849 1122 Riccardianus
868 1097 926 1134 gr.
948 1079 1056 1136 95⁴)
1076 1083 1238 1123 membr.
1259 1084 1410 1123 formae
1435 1087 1531 1124 sext.
1547 1085 1627 1124 dec.
1647 1097 1699 1124 sc.

347 1142 530 1194 XVJXVI
555 1143 680 1181 nitide
704 1154 825 1180 manu
851 1143 1036 1192 discipuli
1060 1142 1102 1180 in
1121 1142 1242 1181 Italia
1261 1147 1456 1190 exaratus,
1482 1146 1550 1194 qui
1570 1147 1661 1195 post
1679 1142 1701 1183 ὅ

348 1200 463 1254 λόγος
488 1207 559 1240 τοῦ
585 1205 812 1241 λουκιανοῦ.
845 1199 945 1253 Περὶ
969 1207 1039 1241 τοῦ
1065 1200 1120 1253 μὴ
1145 1201 1291 1253 ῥαδίως
1315 1203 1510 1242 πιστεύειν
1536 1203 1701 1255 διαβολῆ

351 1256 436 1314 (fol.
467 1257 630 1314 1—16)
662 1261 840 1299 continet
869 1261 936 1301 fol.
959 1262 1152 1300 17—34'
1184 1261 1375 1311 epistulas
1402 1264 1455 1301 26
1487 1264 1703 1313 inscriptas

349 1320 531 1372 λιβανίου
563 1318 764 1359 ἐπιστολαί
791 1318 835 1359 ἐν
865 1319 911 1370 τὴ
943 1319 1052 1359 πόλει
1076 1319 1339 1373 γεγραμμέναι
1362 1321 1427 1360 hic
1451 1322 1535 1360 illic
1560 1323 1703 1372 glossis

351 1380 589 1429 scholiisque
603 1379 926 1418 interlinearibus
937 1381 1160 1419 instructas.
1174 1380 1308 1418 Prima
1320 1382 1579 1431 inscriptione
1589 1382 1704 1431 priva

352 1451 477 1488 aeque
509 1442 630 1489 atque
662 1451 748 1486 eae,
780 1451 881 1488 quas
911 1439 1058 1478 litteris
1090 1439 1258 1478 cursivis
1282 1441 1493 1490 insignivi,
1518 1443 1579 1479 est
1604 1441 1703 1479 408.

353 1498 585 1547 Sequuntur
613 1499 707 1537 103.
737 1499 832 1537 972.
862 1499 957 1536 351.
980 1499 1076 1537 355.
1099 1500 1165 1537 19.
1187 1499 1283 1538 809.
1307 1500 1401 1538 511.
1426 1500 1522 1538 617.
1544 1501 1598 1538 22
1626 1495 1704 1552 (in-

352 1559 502 1607 scripta
521 1557 698 1608 λιβανιος
717 1557 904 1604 αυξεντίω
930 1553 1108 1610 χαιρειν).
1144 1559 1269 1596 1041.
1292 1560 1359 1596 49.
1381 1560 1464 1597 268
1492 1554 1704 1612 (inscripta

352 1616 530 1668 λιβανιος
554 1622 605 1655 τῶ
631 1622 811 1668 γερμανῶ
837 1615 1015 1670 χαιρειν).
1043 1619 1139 1655 397.
1162 1618 1258 1656 398.
1281 1618 1376 1656 547.
1398 1620 1495 1656 379.
1520 1619 1585 1656 54.
1608 1619 1703 1656 128.

352 1677 450 1714 317.
472 1677 569 1713 227.
589 1676 688 1714 235.
714 1676 806 1714 105.
829 1677 913 1714 442
948 1677 1045 1714 366.
1068 1677 1166 1725 244,
1191 1676 1301 1715 cuius
1325 1678 1366 1715 in
1386 1677 1463 1716 fine
1481 1677 1631 1728 legitur
1649 1675 1704 1716 τέ-

351 1737 428 1781 λος.
466 1735 499 1772 Ε
527 1735 685 1785 sylloga
709 1735 836 1773 multo
863 1736 1057 1784 ampliore
1083 1735 1260 1787 eclogam
1287 1748 1369 1775 esse
1389 1737 1536 1775 factam
1554 1738 1704 1775 testan-

351 1796 420 1832 tur
449 1794 605 1832 numeri
630 1789 679 1844 μ’.
707 1790 782 1844 μα’.
809 1807 867 1838 νς.
895 1793 975 1833 σλδ.
1001 1805 1084 1846 σνγ.
1110 1798 1194 1833 τπθ
1224 1795 1275 1832 ad
1309 1807 1420 1835 oram
1446 1796 1705 1845 epistularum

354 1855 451 1892 397.
485 1854 582 1891 398.
617 1854 713 1892 547.
748 1854 845 1893 379.
877 1855 944 1892 54.
975 1855 1057 1892 128
1092 1854 1302 1892 rubricati:
1334 1854 1410 1900 Qui
1435 1857 1528 1893 sunt
1552 1855 1706 1893 numeri

354 1912 502 1951 codicis
533 1912 728 1950 Marciani
761 1914 858 1950 441.
896 1909 1106 1962 Excerpsit
1137 1913 1398 1953 Bormannus.
1444 1914 1529 1964 Ego
1561 1915 1705 1952 exami—

354 1972 449 2010 navi
478 1985 511 2009 a.
535 1972 660 2009 1870.

416 2062 450 2105 1)
477 2059 524 2095 cf
551 2060 749 2106 epistulam
777 2061 855 2096 eius
876 2062 923 2095 ad
946 2061 1230 2106 Euphrosynum
1251 2061 1436 2097 Boninum
1461 2062 1499 2097 in
1518 2062 1706 2097 Theocriti

355 2107 520 2161 editiene
534 2107 682 2143 luntina
701 2118 734 2143 a.
750 2112 840 2143 1515
855 2109 1051 2153 denuoque
1071 2108 1119 2143 ab
1132 2109 1326 2152 Ahronsio‚
1345 2108 1470 2146 Bucol.
1484 2121 1538 2155 gr.
1552 2109 1568 2144 1
1581 2121 1616 2154 p.
1628 2109 1708 2144 LIII

355 2155 638 2247 puggmsstezllilile,
670 2202 801 2237 Notice
833 2214 895 2237 sur
927 2203 991 2237 des
1017 2214 1102 2238 mss.
1130 2203 1179 2237 du
1211 2203 1318 2238 fonds
1343 2203 1446 2238 Libri
1478 2202 1643 2249 (Noticos
1669 2206 1708 2238 et

357 2250 522 2284 Extraits
547 2249 612 2284 des
638 2249 722 2284 Mse.
751 2249 797 2284 de
825 2249 863 2284 la
891 2250 983 2284 Bibl.
1003 2250 1155 2286 Nation.
1175 2252 1234 2294 82)
1260 2254 1338 2285 117.

419 2299 454 2342 3)
472 2296 676 2342 Catalogue
702 2296 744 2331 of
758 2297 823 2331 the
841 2297 926 2331 Mes.
954 2299 994 2333 at
1012 2297 1273 2332 Ashburnham
1298 2297 1417 2333 Place.
1431 2298 1523 2332 Part
1547 2297 1610 2333 the
1631 2297 1710 2332 first

359 2344 587 2389 comprising
613 2356 635 2378 a
659 2344 857 2379 collection
883 2345 1026 2379 formed
1053 2344 1103 2389 by
1121 2345 1311 2380 Professor
1328 2345 1442 2388 Libri,
1468 2345 1581 2380 Lond.
1605 2348 1707 2389 1853,

358 2403 455 2425 num.
479 2395 557 2426 274.
596 2391 715 2426 Relat.
736 2393 839 2426 acad.
861 2392 981 2427 Berol.
1003 2395 1106 2431 1885.
1125 2395 1195 2426 900
1208 2403 1261 2436 sq.

419 2441 455 2484 4)
482 2438 621 2481 Vitelli,
646 2438 751 2473 Stud.
771 2438 848 2473 ital.
876 2439 915 2473 di
940 2439 1027 2474 filol.
1049 2439 1155 2475 class.
1175 2439 1208 2473 11
1228 2442 1307 2474 534.
