1872 2924
347 225 429 268 198
644 223 1012 260 PROLEGOMENA
1039 224 1107 260 AD
1132 225 1392 261 EPISTULAS

344 314 447 353 hanc
475 313 672 364 syllogam
699 313 748 351 ab
775 325 833 361 ea,
865 325 966 362 quae
992 313 1044 352 ad
1067 325 1140 353 nos
1164 315 1358 364 pervenit,
1387 311 1585 354 diversam
1609 327 1697 356 esse

344 372 587 423 opinandum
628 373 699 411 est.
746 372 876 412 Huius
918 373 1051 411 autem
1090 373 1210 412 facies
1243 385 1324 412 non
1356 386 1437 413 una
1471 386 1624 424 semper
1656 377 1698 414 et

345 432 484 471 eadem
508 432 597 471 fuit.

403 491 584 530 Aberant
608 502 632 528 a
657 489 896 541 primigenio
919 491 1150 540 corpusculo
1171 504 1230 541 ep.
1252 492 1439 542 22—26,
1463 494 1511 531 ut
1530 493 1612 532 fere
1630 493 1696 532 de-

345 552 439 589 sunt
463 550 506 589 in
525 550 704 599 antiquis
724 550 950 599 corpusculi
969 550 1180 590 codicibus.
1218 550 1365 590 Gomm.
1386 564 1446 602 ep.
1467 545 1524 590 24
1543 569 1589 583 =
1610 553 1692 591 501

344 611 495 648 aestate
526 622 561 649 a.
585 609 668 648 356
703 621 727 647 a
752 608 921 648 Libanio
954 610 1145 659 scriptam
1175 622 1259 649 esse
1284 623 1305 649 e
1330 610 1429 656 loco,
1459 623 1576 661 quem
1600 611 1643 650 in
1663 612 1703 651 V

353 669 411 707 Va
432 669 490 707 Vo
511 668 543 707 S
564 668 665 707 Vina
684 669 834 716 Lamp,
858 668 885 707 i.
905 681 936 707 e.
956 669 1000 706 in
1020 681 1194 718 corpore,
1217 663 1359 719 tenuit,
1385 665 1696 724 consequitur¹).

344 729 447 767 Nam
475 728 577 766 hanc
594 727 722 766 solam
742 727 958 778 epistulam
977 730 1116 778 postea
1132 729 1176 767 in
1195 740 1336 778 corpus
1354 729 1596 769 inculcatam
1614 741 1698 769 esse

346 800 368 825 a
400 786 542 838 quavis
566 786 852 837 probabilitate
878 787 1074 826 abhorret.
1111 787 1167 826 At
1193 788 1297 838 quod
1322 787 1364 826 in
1389 789 1561 839 epistula
1584 789 1697 828 Basi-

345 847 442 896 lius,
466 847 518 888 ad
542 859 662 896 quem
687 846 837 896 scripta
862 848 941 894 est,
966 846 1041 886 hoc
1065 859 1169 886 anno
1196 847 1246 886 ab
1273 847 1426 887 Alcimo
1450 848 1607 887 rhetore
1625 848 1697 887 Ni-

345 906 524 945 comedia
549 906 716 944 Romam
741 909 901 956 pet-ente
925 906 1085 945 interim
1110 918 1254 945 munus
1280 906 1448 946 docendi
1472 907 1696 946 adulescen-

343 965 450 1004 tulos
475 966 673 1014 accepisse
699 964 864 1014 dicitur,
895 965 1082 1004 abhorret
1107 978 1131 1003 a
1156 966 1306 1004 Basilio
1334 966 1491 1018 Magno,
1522 966 1565 1004 id
1590 966 1697 1017 quod

345 1025 408 1064 vel
442 1024 698 1074 Pasqualius,
733 1027 909 1063 ceterum
943 1025 1173 1064 authentiae
1208 1025 1470 1075 epistularum
1503 1025 1698 1075 defensor,

346 1079 591 1136 eoncessit2).
632 1084 686 1122 Et
710 1096 952 1134 quamquam
978 1084 1215 1123 Basilium
1242 1084 1459 1136 Magnum
1484 1084 1699 1135 discipu-

345 1144 440 1182 lum
466 1143 662 1182 Libanii
693 1143 847 1182 fuisse
872 1145 1012 1182 teneo
1038 1145 1259 1182 commotus
1284 1145 1524 1183 auctoritate
1549 1145 1698 1194 epistu-

346 1203 408 1242 lae
431 1215 455 1241 a
476 1201 667 1253 Gregorio
686 1202 867 1252 Nysseno
888 1203 939 1241 ad
959 1202 1171 1242 Libanium
1192 1203 1321 1253 datae,
1347 1215 1467 1253 quam
1487 1215 1577 1242 cum
1596 1203 1699 1242 Lau-

345 1257 455 1316 bio³)
480 1275 518 1312 p.
543 1263 596 1300 12
622 1274 695 1312 pro
720 1263 927 1311 supposita
951 1261 1096 1300 habere
1121 1275 1199 1302 non
1226 1274 1340 1312 queo,
1369 1264 1504 1301 tamen
1527 1265 1611 1302 tam
1637 1275 1700 1301 ar·-

346 1323 434 1360 tum
464 1322 570 1360 inter
601 1333 666 1359 eos
697 1320 879 1360 caritatis
909 1321 1031 1360 fuisse
1063 1321 1266 1360 vinculum
1294 1334 1408 1373 nego,
1438 1323 1486 1360 ut
1508 1321 1701 1360 Libanius

347 1380 516 1419 scribere
541 1382 719 1430 potuerit
744 1392 883 1419 comm.
910 1393 970 1430 ep.
996 1382 1051 1419 24
1078 1378 1108 1419 ὢ
1134 1378 1482 1433 χρόνων-οὐδένα
1505 1376 1583 1432 (ΧΙ
1603 1381 1702 1430 596,

349 1437 484 1491 7-9),
505 1452 607 1489 quae
627 1439 747 1478 verba
766 1439 908 1489 melius
927 1440 1192 1480 commilitoni
1211 1453 1333 1490 quam
1346 1440 1594 1490 praeceptori
1607 1452 1701 1479 con-

346 1494 570 1551 veniunt4).
605 1499 745 1549 Neque
777 1499 869 1537 huic
896 1499 1077 1549 opinioni
1102 1499 1248 1548 obstat,
1274 1498 1379 1549 quod
1404 1499 1578 1549 epistula
1601 1499 1644 1537 in
1667 1498 1706 1536 V

347 1558 379 1597 S
408 1559 512 1597 Vind
535 1557 770 1597 inscribitur
794 1560 847 1614 τῷ
871 1557 1023 1613 μεγάλῳ
1048 1558 1245 1614 βασιλείῳ,
1269 1571 1362 1597 nam
1380 1558 1479 1598 haec
1497 1571 1575 1597 non
1596 1571 1617 1596 e
1635 1557 1702 1596 Li-

347 1617 469 1667 banii,
502 1617 571 1656 sed
602 1617 825 1667 antiquarii
856 1617 1089 1666 posterioris
1120 1630 1241 1656 manu
1271 1618 1449 1667 profecta
1481 1619 1552 1668 est,
1584 1618 1624 1656 et
1648 1620 1702 1672 τῷ

349 1677 514 1731 μεγάλῳ,
539 1677 585 1715 ut
609 1681 653 1715 in
674 1677 730 1715 Vo
755 1676 876 1726 deest,
901 1677 961 1715 ita
982 1677 1024 1715 in
1046 1677 1106 1716 Va
1123 1690 1246 1716 manu
1262 1677 1412 1716 recenti
1431 1676 1612 1716 additum
1630 1678 1702 1714 est.

349 1766 463 1850 {pig
476 1778 522 1812 ep
555 1769 622 1848 28Β
633 1766 737 1848 ofin?
769 1770 923 1849 iamim
948 1771 1014 1848 ζῇς
1038 1767 1189 1849 &gange
1212 1766 1396 1849 ίέιιίωῐιᾱὲ)
1422 1765 1613 1848 expffeggig.
1646 1764 1702 1801 cf.

384 1825 590 1914 ’ἴξὲἱξὲξίς
616 1824 780 1903 ὦζῖζῗ).
807 1824 1055 1903 ὲῑιοΐὲη“ἓῖ.
1122 1825 1144 1848 ³
1173 1819 1221 1851 ‘¹
1250 1818 1296 1850 ⁶⁰
1313 1825 1350 1849 ¹²·
1393 1818 1416 1849 ⁴
1603 1841 1610 1849 ‘

408 1922 445 1966 2)
472 1920 569 1956 Berl.
590 1920 683 1965 phil.
707 1919 834 1955 Woeh.
858 1923 961 1964 1914,
990 1924 1092 1957 1513.

409 1975 445 2018 3)
480 1973 532 2009 De
563 1973 776 2010 litterarum
808 1972 958 2008 Libanii
990 1975 1028 2009 et
1053 1973 1186 2009 Basilii
1211 1973 1442 2017 commercio,
1473 1972 1578 2008 Vrat.
1598 1975 1702 2008 1913.

350 2021 390 2056 In
422 2031 468 2056 ea
492 2031 545 2065 re,
575 2021 677 2066 quod
703 2020 905 2066 Gregorius
933 2020 1114 2056 Basilium
1138 2023 1293 2056 fratrem
1316 2020 1436 2066 patrie
1460 2020 1611 2056 nomine
1634 2031 1704 2064 ap-

349 2068 481 2114 pellat,
511 2067 656 2104 nullam
687 2079 768 2104 enee
798 2067 1041 2104 offensionem
1073 2068 1240 2104 ostendit
1270 2068 1374 2104 locus
1406 2068 1453 2104 de
1483 2067 1581 2103 hom.
1613 2066 1703 2112 opif.

349 2115 400 2151 M.
421 2119 478 2159 44,
506 2120 573 2151 125
601 2116 629 2151 B
661 2115 721 2159 (cf.
751 2115 846 2157 Holl,
878 2115 1163 2161 Amphilochios
1197 2117 1289 2161 197).
1332 2115 1412 2158 Quo
1444 2125 1555 2159 sensu
1582 2113 1704 2160 πατὴρ

351 2163 612 2209 accipiendum
638 2163 699 2207 sit,
725 2162 848 2198 elucet
873 2173 919 2198 ex
943 2174 1000 2207 ep.
1022 2167 1043 2198 3
1063 2163 1196 2199 Basilii
1215 2161 1407 2209 personati
1426 2162 1491 2208 (XI
1509 2165 1591 2206 575,
1610 2164 1703 2197 20—

351 2214 432 2254 576,
453 2212 498 2256 a).

412 2267 450 2306 4)
473 2263 600 2299 Verba
629 2262 676 2298 τὰ
706 2262 833 2299 πάντα
857 2259 950 2307 ἦμεν
975 2263 1143 2306 ἀλλήλοις
1169 2262 1248 2298 Lib.
1269 2274 1327 2308 ep.
1348 2266 1440 2298 1518
1466 2262 1513 2298 de
1537 2261 1704 2297 Ausonio

351 2310 659 2354 Lacedaemonio,
688 2312 815 2347 vetere
845 2309 1111 2355 commilitone,
1143 2310 1330 2346 adhibuit.
1363 2309 1509 2345 Pariter
1539 2308 1706 2354 loquitur

353 2358 399 2394 de
429 2363 551 2394 matre
581 2368 651 2393 sua
680 2359 705 2393 t.
731 2358 748 2393 1
772 2361 828 2401 81,
861 2360 919 2401 20,
950 2357 997 2392 de
1023 2357 1151 2394 Prisca
1180 2368 1294 2393 uxore
1324 2357 1497 2393 Bassiani
1527 2367 1585 2403 ep.
1613 2359 1704 2392 1409

351 2405 418 2451 (XI
442 2409 525 2450 450,
557 2409 627 2452 18),
659 2405 726 2441 sed
756 2405 872 2441 etiam
903 2404 950 2440 de
976 2404 1139 2441 Zenobio
1169 2405 1351 2451 magistro
1384 2415 1451 2441 suo
1482 2416 1539 2449 ep.
1564 2406 1635 2439 420
1660 2402 1708 2448 (X

352 2456 436 2498 411,
455 2455 503 2498 6).
