1872 2924
335 234 355 273 1
364 232 385 272 7
392 232 419 274 6
634 229 1000 266 PROLEGOMENA
1030 229 1097 265 AD
1122 228 1321 264 EPISTUL
1328 228 1381 265 AS

333 316 445 371 (μα’)
465 317 648 370 φενέσθω
669 331 741 369 pro
760 315 969 368 φαινέσθω
989 313 1044 371 (Χ
1064 318 1162 369 306,
1185 312 1279 371 14);
1299 315 1467 367 denique
1487 331 1547 368 ep.
1570 318 1682 356 1205

330 380 450 419 lectio
463 392 484 418 e
498 378 695 420 Vaticano
710 379 795 417 678
809 377 981 427 repetita
999 374 1172 426 ἀδελφὸν
1193 390 1264 428 pro
1279 375 1413 430 ἰατρὸν
1426 373 1502 430 (XI
1523 377 1621 426 288,
1636 373 1684 430 8)

330 438 539 478 Blochium
558 439 601 476 in
615 437 812 476 Muenteri
826 437 987 476 Miscell.
1002 436 1208 475 Hafniens.
1221 438 1249 476 t.
1263 436 1283 474 I
1301 437 1397 476 fasc.
1409 436 1450 475 11
1463 434 1682 488 (Raniss-

335 496 468 545 1818)
494 511 531 547 p.
556 498 801 546 139—152‚
834 496 902 546 qui
935 495 1127 546 epistulas
1152 508 1232 535 non
1257 508 1303 535 eo
1329 508 1446 546 quem
1469 495 1513 534 in
1538 495 1682 545 codice,

330 557 400 596 sed
427 570 548 607 quem
579 557 622 595 in
654 556 827 595 editione
854 555 1052 594 Wolfiana
1082 554 1232 594 habent
1262 554 1399 594 ordine
1424 555 1684 603 enumeravit,

330 617 371 654 in
392 629 562 655 errorem
583 615 761 664 adduxit,
779 615 829 653 ut
845 615 1057 665 epistulam
1077 627 1149 665 pro
1168 614 1321 653 inedita
1339 614 1512 654 haberet.
1538 614 1611 664 Ep.
1627 616 1680 653 72

330 671 404 727 (μβ
414 671 443 726 ’)
476 673 547 727 μὲν
577 676 670 726 post
699 673 870 721 πολλοὺς
901 669 957 728 (Χ
985 675 1053 724 72,
1081 671 1138 725 7),
1170 673 1276 724 quod
1306 673 1348 712 in
1373 673 1502 712 Vatic.
1527 686 1681 713 erasum

329 737 402 784 est,
426 734 708 785 praetermisit.
746 733 823 772 Sed
847 733 1036 773 librarius
1061 746 1141 772 non
1166 734 1264 772 satis
1290 732 1431 772 habuit
1454 734 1557 772 hanc
1581 733 1682 772 eclo-

329 807 421 846 gam
452 806 473 833 e
498 793 628 833 Vatic.
654 793 920 844 descripsisse,
951 792 1021 832 sed
1051 792 1212 832 aliunde
1238 805 1325 831 eam
1350 793 1476 831 auxit.
1518 792 1577 830 Ac
1602 792 1681 842 pri-

330 867 437 892 mum
469 853 629 904 quidem
660 852 729 892 f01.
758 853 1032 892 112v—117v
1063 852 1219 891 addidit
1249 852 1441 902 epistulas
1471 851 1611 891 Basilii
1643 854 1683 890 et

329 913 488 951 Libanii
519 916 680 952 mutuas
712 907 780 965 (cf.
800 911 906 951 infra
932 911 1004 951 sub
1029 925 1066 951 n.
1089 907 1205 964 370).
1243 910 1370 956 Quam
1396 911 1463 950 fol.
1489 912 1594 950 117ν
1618 923 1680 949 ex-

328 972 483 1023 cipiunt
512 969 710 1012 ἕπιστολαὶ
740 969 864 1022 ἕτεραι
895 970 1078 1022 λιβανίου
1109 975 1180 1010 τοῦ
1211 975 1401 1020 σοφιστοῦ
1438 969 1538 1021 πρός
1571 984 1681 1017 τινας

328 1029 489 1071 aliunde
530 1033 714 1082 sumptae
754 1031 954 1082 pauloque
988 1030 1147 1081 parcius
1181 1030 1324 1082 glossis
1357 1029 1681 1068 interlinearibus

329 1092 544 1130 instructae
582 1091 708 1130 1155.
746 1091 842 1132 366.
879 1091 962 1129 647
1001 1085 1228 1143 (perperam
1267 1102 1313 1128 ex
1344 1102 1402 1139 ep.
1430 1086 1679 1128 antecedenti

328 1151 575 1190 collectionis
596 1150 896 1201 Lacapenianae
917 1149 1080 1201 ἰοβιανῶ
1099 1146 1323 1199 inscripta).
1351 1150 1447 1188 512.
1469 1150 1566 1188 442.
1583 1149 1679 1187 388.

331 1211 456 1249 1466.
484 1212 581 1251 238.
603 1211 700 1249 382.
722 1212 790 1249 26.
811 1210 908 1249 377.
931 1210 1057 1248 1039.
1079 1209 1204 1248 1018.
1225 1209 1322 1248 808.
1347 1209 1441 1247 184.
1464 1209 1560 1248 636.
1582 1209 1679 1246 736.

328 1272 425 1309 269.
453 1270 550 1309 509.
579 1270 647 1308 64.
677 1271 773 1308 197.
802 1270 897 1309 107.
925 1270 1022 1307 317.
1050 1269 1118 1307 84.
1145 1268 1244 1307 318.
1271 1268 1309 1306 8.
1341 1270 1375 1307 1.
1403 1269 1471 1306 42.
1493 1268 1589 1307 754.
1610 1268 1677 1306 49.

329 1331 425 1369 341.
460 1329 543 1369 Pol.
567 1329 820 1368 141—154'
845 1329 1035 1380 leguntur
1054 1328 1135 1366 alia
1154 1340 1275 1366 manu
1294 1329 1479 1366 exaratae
1499 1326 1678 1379 λιβανίου

326 1387 606 1440 ἐπιστολιμαῖοι
630 1393 877 1441 χαρακτῆρες.
915 1387 1104 1437 Excerpsi
1130 1389 1170 1426 et
1197 1400 1217 1425 e
1241 1387 1356 1437 parte
1383 1387 1545 1426 contuli.

385 1448 446 1487 Ex
471 1448 650 1498 exemplo
675 1448 798 1487 simili
824 1450 946 1497 atque
969 1446 1099 1486 Vatic.
1121 1447 1205 1486 678
1232 1449 1272 1485 et
1297 1446 1538 1485 Havniensis
1563 1445 1679 1483 fluxit

328 1508 450 1547 codex

254 1573 322 1605 587
387 1568 484 1606 201.
516 1566 816 1616 Mosquensis
848 1579 907 1617 gr.
933 1566 1039 1614 439,
1072 1567 1191 1606 antea
1223 1566 1307 1604 426
1340 1559 1445 1618 (399
1486 1564 1528 1602 in
1560 1563 1675 1603 catal.

328 1621 631 1678 Matfflaaeiano),
651 1626 774 1665 chart.
795 1626 946 1664 formae
967 1627 1097 1675 quart.
1121 1637 1174 1664 sc.
1193 1623 1298 1673 XVI,
1325 1624 1420 1663 olim
1446 1623 1678 1662 monasterii

325 1686 474 1724 Athoi
498 1685 671 1724 Iberon
695 1687 798 1724 teste
822 1685 1083 1734 inscriptione
1108 1689 1186 1723 τῶν
1205 1678 1386 1735 Ἰβήρων,
1412 1683 1481 1733 qui
1501 1683 1677 1722 continet

325 1746 391 1784 fol.
415 1746 638 1784 97—103'
660 1747 712 1784 19
739 1744 932 1794 epistulas
951 1744 1094 1794 glossis
1114 1743 1354 1792 scholiisque
1372 1741 1597 1782 trivialibus
1615 1742 1674 1779 in·

325 1806 508 1843 structas.
548 1803 651 1843 Sunt
669 1804 894 1843 rubricatae
913 1801 1111 1843 ἐπιστολαὶ
1129 1801 1312 1852 λιβανίου
1332 1806 1523 1851 σοφιστοῦ
1543 1802 1584 1840 et
1601 1813 1674 1838 nu-

324 1866 499 1902 meratae
518 1858 674 1902 a—ffi':
700 1865 798 1902 247.
823 1858 991 1915 12051).
1018 1864 1116 1903 422.
1145 1863 1271 1902 1079.
1299 1862 1396 1900 684.
1424 1862 1520 1900 645.
1549 1861 1674 1899 1138.

328 1926 392 1962 11.
427 1923 523 1961 608.
557 1924 654 1962 507.
692 1924 788 1962 136.
822 1923 918 1962 525.
953 1923 1049 1961 707.
1084 1923 1179 1962 700.
1211 1916 1351 1974 975²).
1379 1914 1520 1973 589³).
1549 1920 1673 1958 1041.

327 1983 423 2022 131.
451 1983 548 2021 690.

384 2041 593 2091 Excerpsit
617 2043 658 2080 et
682 2054 703 2080 e
728 2043 842 2092 parte
868 2040 1077 2091 exscripsit
1093 2053 1226 2079 meum
1245 2040 1288 2079 in
1307 2051 1426 2079 usum
1446 2037 1673 2078 Theodorus

324 2101 489 2140 Korsch.

385 2182 418 2223 1)
445 2178 545 2214 Haec
564 2190 682 2223 aeque
701 2182 812 2224 atque
831 2179 871 2214 in
891 2178 1009 2214 Vatic.
1030 2181 1099 2214 678
1120 2180 1158 2213 et
1175 2178 1292 2213 Havn.
1312 2176 1449 2222 incipit
1467 2175 1587 2211 verbis
1605 2175 1672 2210 τὸν

324 2225 527 2271 ἀδελφὸν
552 2225 766 2272 δημήτριον.

382 2277 417 2318 2)
443 2273 591 2310 incuria
621 2273 828 2318 bibliopegi
860 2272 951 2308 folia
980 2272 1095 2308 hodie
1119 2284 1219 2308 num.
1241 2275 1309 2308 102
1334 2272 1373 2308 et
1398 2275 1466 2307 103
1491 2269 1672 2317 gerentia,

322 2321 459 2365 quibus
484 2332 541 2366 ep.
568 2325 756 2357 607—707
788 2321 1037 2363 continentur,
1068 2322 1153 2366 post
1183 2319 1246 2355 fol.
1276 2323 1342 2354 100
1371 2320 1411 2355 et
1442 2322 1507 2354 101
1534 2319 1594 2364 (==
1613 2328 1670 2362 ep.

324 2371 527 2414 700-690)
551 2368 675 2404 locum
698 2369 932 2411 invenerunt,
957 2370 995 2403 et
1017 2379 1076 2413 ep.
1096 2366 1127 2403 ι’
1151 2367 1275 2413 periit.

381 2417 416 2462 3)
443 2415 515 2451 Sed
539 2415 651 2451 huius
677 2415 864 2461 epistulae
888 2418 1036 2451 tantum
1062 2425 1148 2461 pars
1174 2414 1340 2450 secunda
1362 2413 1452 2450 inde
1475 2425 1498 2448 a
1522 2410 1671 2458 λητοΐου

321 2463 387 2498 τὸν
410 2461 553 2507 τρόπον
576 2463 623 2509 (Χ
641 2467 723 2508 553,
742 2465 778 2503 4)
803 2463 990 2508 exscripta
1014 2464 1081 2498 est.
