1872 2924
329 235 414 277 178
629 234 998 271 PROLEGOMENA
1022 234 1088 270 AD
1103 234 1374 287 ¹EPISTULAS

327 323 459 363 Caroli
486 323 620 362 Graux
644 336 669 362 a
692 337 755 361 me
779 323 909 373 primo
933 325 976 362 in
997 323 1099 362 Ann.
1119 323 1310 364 Fleckeis.
1332 325 1465 374 1876,
1492 326 1576 364 504
1602 339 1677 376 pu-

326 383 473 422 blicata
498 384 570 431 est,
594 395 655 432 ep.
677 383 968 422 1547--1549
997 396 1017 421 e
1038 382 1335 422 Montefalconii
1357 380 1631 437 apograpbost)
1651 397 1679 424 a

324 442 469 481 Wolfio
494 441 568 481 sub
592 454 700 481 num.
729 442 1020 480 1577—1579
1054 441 1182 481 editae
1207 444 1310 483 sunt.
1340 442 1448 489 Quas
1474 444 1677 494 excipiunt

326 515 385 551 ep.
408 502 504 540 619.
533 502 600 540 58.
628 502 726 540 201.
754 502 851 540 703.
879 502 976 540 321.
1003 502 1100 540 229.
1127 502 1224 540 380.
1253 503 1527 542 10761031.
1550 504 1678 543 1099.

324 560 429 599 Huic
449 560 627 600 succedit
645 560 820 610 epistula
838 572 863 598 a
881 559 1189 599 Montefalconio
1208 562 1489 610 praetermissa
1506 562 1576 600 fol.
1590 563 1674 601 129

323 621 519 670 inscripta
542 624 594 658 τῶ
619 618 786 671 βασιλεῖ·
812 618 861 658 σὺ
885 616 952 658 καὶ
977 617 1108 671 ἄρχειν
1133 615 1268 669 οἶσθα,
1290 633 1394 670 ,ᾳιιαο
1420 623 1481 659 est
1510 621 1679 660 Deme·

322 680 411 718 trii
431 678 604 730 Cydon.
625 679 678 718 51
705 679 747 717 in
771 678 903 718 indice
928 678 1004 718 Ios.
1023 678 1130 718 Iorio
1150 674 1280 731 (Stud.
1299 679 1385 718 ital.
1405 680 1453 719 de
1477 680 1529 718 fil.
1551 680 1598 719 cl.
1617 680 1677 718 IV

325 740 408 777 279
430 752 468 778 n.
485 734 571 789 51).
599 737 714 776 Hanc
733 737 936 788 excipiunt
955 738 1053 778 508.
1075 739 1172 778 166.
1195 739 1291 777 753.
1313 739 1408 779 685.
1431 741 1558 779 1070.
1579 740 1677 778 690.

324 798 451 837 1088.
479 798 576 836 888.
605 798 732 836 1040.
761 798 889 837 1091.
922 798 1050 837 1092.
1085 798 1182 837 830.
1220 798 1346 837 1026.
1383 799 1480 838 636.
1508 800 1577 837 24.
1608 800 1679 838 23.

325 859 393 896 27.
422 858 490 896 19.
518 857 616 896 330.
643 857 740 896 405.
769 857 865 896 331.
888 857 984 896 352.
1006 857 1102 896 333.
1123 858 1190 897 80.
1218 857 1315 896 390.
1336 858 1432 896 369.
1453 859 1551 897 406.
1579 859 1675 897 185.

325 918 425 955 522.
450 917 518 955 43.
546 917 614 955 28.
636 916 762 955 1236.
786 917 884 954 235.
905 917 972 955 69.
995 918 1059 955 22.
1084 917 1179 955 526.
1202 917 1239 954 8.
1279 915 1466 955 Succedit
1482 917 1549 956 fol.
1572 919 1680 957 193*

323 978 538 1015 λουκιανοῦ
576 973 664 1027 περὶ
694 972 883 1028 ἠλέκτρου
917 970 981 1028 (==
1000 976 1029 1013 t.
1048 974 1090 1013 Π
1111 977 1194 1014 132
1231 975 1290 1015 ed.
1321 971 1478 1028 Jacob.)
1487 971 1521 1028 ²)
1552 988 1680 1027 aeque

324 1038 447 1086 atque
466 1035 661 1085 epistulae
685 1034 828 1086 glossis
858 1035 1181 1073 interlinearibus
1205 1036 1455 1085 instructum,
1481 1035 1587 1086 quod
1613 1048 1674 1074 ex-

324 1094 481 1145 cipiunt
504 1094 572 1133 fol.
594 1095 699 1133 199*
723 1106 773 1144 ep
805 1094 903 1133 348.
931 1094 1028 1133 351.
1056 1094 1153 1132 396.
1182 1094 1279 1133 536.

384 1153 624 1193 Examinavi
654 1153 927 1204 epistulasque
957 1153 1049 1191 illas
1078 1154 1368 1193 1546—1549
1395 1153 1596 1204 descripsi,
1627 1154 1679 1192 de

324 1213 468 1263 quibus
494 1213 541 1252 cf.
561 1212 669 1251 infra
693 1212 765 1251 sub
789 1225 827 1250 n.
849 1213 947 1251 278.

380 1272 546 1311 Nullum
577 1271 750 1321 denique
780 1271 990 1311 consilium
1014 1275 1184 1322 apparet
1205 1272 1249 1310 in
1273 1272 1410 1323 ecloga.
1436 1273 1460 1310 6
1487 1272 1680 1323 epistula-

322 1345 412 1370 rum
436 1332 720 1379 recentissima,
747 1343 868 1381 quam
891 1331 1058 1381 praebet
1082 1330 1202 1370 codex

251 1396 320 1428 591
385 1391 482 1430 206.
507 1389 758 1430 Parisinus
790 1403 848 1442 gr.
869 1391 984 1429 2772
1017 1390 1142 1430 chart.
1165 1391 1280 1430 form.
1306 1393 1402 1440 oct.‚
1433 1390 1529 1429 olim
1553 1389 1677 1429 Gua-

321 1451 421 1488 rini
443 1450 738 1489 Veronensis
770 1450 874 1489 teste
906 1449 1166 1499 inscriptione
1200 1450 1289 1489 folii
1321 1449 1442 1500 primi
1472 1451 1514 1488 et
1542 1449 1679 1488 ultimi

321 1504 450 1562 (165)
475 1506 501 1560 ἡ
520 1514 703 1562 παροῦσα
721 1508 868 1561 βύβλος
893 1506 997 1549 ἐστὶν
1020 1507 1116 1560 ἐμὸν
1140 1507 1318 1561 γαρίνου.
1343 1507 1582 1561 βερωναίου,
1606 1521 1674 1559 po·

322 1570 410 1608 stea
434 1568 702 1607 cardinalis
721 1568 957 1619 Ridolphi
973 1570 1075 1608 teste
1095 1568 1352 1618 inscriptione
1371 1568 1439 1608 fol.
1456 1570 1499 1607 1:
1519 1564 1598 1606 ‘No
1616 1569 1681 1607 28

321 1624 600 1676 duodecimae,
620 1630 660 1667 et
677 1628 721 1666 in
739 1627 983 1667 bibliotheca.
999 1627 1127 1679 Regia
1143 1640 1252 1666 num.
1268 1629 1395 1668 2220.
1416 1628 1543 1667 3301.
1560 1628 1675 1666 1602

320 1685 550 1739 insignitus.
588 1686 777 1726 Continet
800 1686 966 1726 Hesiodi
989 1687 1167 1725 carmina
1190 1699 1313 1726 manu
1331 1699 1383 1727 sc.
1402 1686 1476 1725 XV
1501 1688 1679 1735 exarata,

322 1746 390 1785 sed
422 1746 489 1786 fol.
512 1747 669 1786 1’--2“7
697 1759 824 1786 vacua
852 1747 993 1786 relicta
1021 1759 1144 1785 manu
1173 1747 1409 1797 recentiore,
1440 1748 1488 1786 ut
1516 1745 1679 1785 videtur

322 1818 374 1844 sc.
394 1805 522 1856 XVII,
554 1805 712 1856 expleta
742 1808 838 1845 sunt
860 1805 1023 1845 Libanii
1054 1805 1239 1855 epistulis
1267 1806 1525 1856 inscriptione
1547 1804 1679 1855 privis

325 1866 423 1904 918.
456 1865 553 1904 812.
588 1866 685 1904 719.
714 1865 841 1914 1087,
869 1877 971 1915 quae
996 1865 1148 1904 nullum
1174 1864 1341 1904 lacunae
1365 1866 1471 1904 inter
1494 1863 1679 1916 βούλεται

321 1922 508 1977 γενέσθαι
539 1925 580 1963 et
610 1922 718 1971 ὅπως
742 1922 786 1964 δὲ
809 1922 877 1964 καὶ
901 1922 979 1978 (ΧΙ
999 1925 1097 1974 203,
1118 1926 1140 1963 1
1163 1919 1241 1977 sq.)
1265 1925 1479 1976 vestigium
1505 1922 1677 1962 exhibet.

325 1984 423 2023 850.
451 1985 548 2023 277.
585 1983 746 2033 Inspexi
768 1986 863 2034 post
887 1982 1175 2022 Guendelinum
1201 1983 1394 2023 Foerster.

643 2086 674 2142 g
699 2083 762 2131 10.
799 2086 862 2131 De
886 2085 1108 2130 codicibus
1133 2085 1359 2131 solitariis.

385 2155 575 2206 Superest
605 2155 793 2194 ultimum
817 2167 943 2207 genus
968 2154 1160 2205 codicum,
1191 2155 1262 2205 qui
1283 2154 1544 2205 paucissimas
1569 2152 1675 2192 exhi·

321 2215 419 2254 bent
448 2214 641 2265 epistulas
678 2227 823 2264 easque
853 2214 1020 2254 arbitrio
1049 2215 1185 2264 potius
1212 2214 1276 2253 vel
1307 2213 1407 2253 sorti
1437 2226 1556 2263 quam
1581 2224 1677 2251 con-

254 2289 325 2322 590
387 2288 421 2332 1)
447 2290 517 2322 205
554 2287 822 2332 apographum
849 2287 965 2322 etiam
989 2286 1103 2322 hodie
1132 2285 1172 2322 in
1191 2296 1322 2331 appar.
1348 2285 1397 2320 ad
1418 2285 1549 2320 Liban.
1572 2281 1672 2317 Wol-

322 2333 422 2369 fiano
441 2332 612 2369 biblioth.
631 2333 783 2369 urbicae
802 2333 1008 2375 Hamburst.
1029 2335 1140 2374 extat,
1167 2334 1232 2368 sed
1250 2332 1349 2369 male
1368 2332 1604 2378 inscriptum:
1624 2329 1678 2365 In

323 2381 444 2418 codice
478 2381 684 2418 Galba-tino
718 2392 820 2418 num.
858 2380 1092 2419 CCCXLIX
1129 2382 1218 2424 etc,
1259 2380 1325 2426 qui
1365 2390 1466 2416 error
1503 2378 1544 2414 in
1582 2376 1676 2412 edit.

326 2427 458 2464 Wolfii
482 2428 644 2464 transiit.

383 2479 418 2522 2)
445 2476 541 2511 Anu.
561 2474 742 2512 Fleckeia.
763 2479 868 2519 1876,
894 2479 973 2511 213.
