1872 2924
387 230 408 272 ς
427 230 460 263 ο.
498 225 564 262 ΒΕ
589 224 776 263 onoma
801 226 834 261 A
859 211 1084 262 CORPORE
1110 223 1292 261 Amano
1442 223 1527 267 173

220 316 285 357 Ad
321 328 571 357 communem
603 327 694 355 cum
731 314 871 367 ecloga
906 313 1098 354 Vaticani
1136 314 1192 353 82
1231 314 1385 354 fontem
1422 313 1529 353 redit

158 376 312 429 ecloga,
336 388 457 427 quam
482 374 648 427 praebet
673 374 797 415 codex

224 437 320 478 195.
347 435 599 475 Parisinus
625 447 688 487 gr.
710 435 825 474 3035
838 429 872 487 ¹)
898 446 951 474 sc.
971 433 1079 484 XIV,
1105 434 1174 485 qui
1199 433 1267 473 fol.
1291 434 1524 473 157--187

158 497 342 537 continet
371 495 568 547 syllogam
596 496 653 534 70
678 494 945 545 epistularum
970 493 1207 545 inscriptam
1232 492 1434 545 Λιβανίου
1460 504 1527 533 σο-

161 561 310 609 φιστοῦ
327 552 543 596 ἐπιστολαῖς
570 554 736 594 Numeri
754 550 868 593 a—-o'
888 566 1010 593 manu
1030 553 1250 605 posteriore
1271 552 1401 593 additi
1420 555 1526 593 sunt.

161 615 283 657 Sunt:
315 616 413 655 333.
450 615 516 654 19.
548 615 647 654 331.
682 615 780 654 352.
814 614 913 653 358.
947 614 1045 653 365.
1077 614 1175 653 366.
1203 614 1304 653 361.
1331 614 1400 652 49.
1428 613 1526 652 636.

161 676 261 716 369.
295 676 362 715 25.
396 675 494 715 388.
528 674 596 715 26.
630 674 728 713 282.
764 674 890 714 1347.
926 675 1024 713 123.
1057 674 1125 713 42.
1161 673 1261 713 360.
1295 674 1395 712 327.
1428 672 1526 712 383.

163 736 261 775 384.
289 736 387 775 389.
415 735 512 774 372.
540 734 638 774 348.
665 734 764 773 339.
793 734 892 773 311.
920 734 1018 773 314.
1047 734 1145 772 362.
1173 734 1270 773 363.
1299 733 1397 772 336.
1426 733 1524 772 379.

162 795 261 836 380.
291 795 388 835 373.
416 795 516 834 316.
542 794 640 833 345.
667 794 766 834 431.
794 794 893 833 325.
921 794 1019 833 332.
1047 794 1146 832 312.
1174 794 1272 834 349.
1300 793 1399 831 354.
1427 793 1526 831 315.

162 855 261 895 317.
295 854 392 894 318.
425 855 524 895 404.
558 854 655 893 359.
690 854 758 893 46.
793 853 861 892 58.
895 854 962 892 21.
996 853 1064 893 48.
1100 855 1167 893 52.
1201 854 1270 892 54.
1299 853 1397 893 374.
1427 853 1525 891 330.

162 915 261 955 405.
287 915 386 953 441.
413 914 514 954 435.
541 915 639 953 440.
666 914 766 952 442.
793 914 891 952 410.
920 914 1018 953 399.
1046 913 1145 952 432.
1173 913 1272 952 320.
1300 913 1399 952 329.
1427 913 1525 951 357.

161 975 262 1014 356.
287 975 387 1014 347.
414 974 513 1014 323.
540 974 638 1013 393.
665 974 763 1014 750.
792 974 890 1013 253.
918 974 988 1022 32,
1019 985 1122 1023 quae
1154 972 1302 1012 desinit
1326 972 1458 1011 medio
1484 972 1526 1010 in

160 1033 228 1074 fol.
259 1034 374 1074 187'.
414 1032 638 1074 Consensus
663 1045 755 1073 cum
781 1032 911 1072 Vatic.
939 1033 994 1072 82
1021 1034 1064 1072 in
1089 1032 1231 1083 primis
1257 1033 1311 1071 41
1341 1032 1527 1082 epistulis

159 1094 303 1145 plenus
327 1093 420 1133 inde
448 1093 499 1132 ab
524 1105 585 1143 ep.
607 1093 692 1133 354
718 1092 877 1132 desinit.
911 1093 1046 1132 Etiam
1072 1092 1137 1132 hic
1155 1092 1320 1131 nomina
1339 1103 1528 1142 persona-

159 1166 251 1193 rum
282 1152 335 1193 ad
365 1165 465 1204 quas
496 1153 693 1203 epistulae
721 1152 840 1192 datae
865 1155 961 1192 sunt
986 1165 1010 1191 a
1035 1152 1221 1203 genuinis
1246 1151 1457 1191 discedunt
1481 1154 1528 1190 ut

160 1212 351 1265 θεμιστίω
376 1225 402 1252 a
419 1211 518 1263 γαίω
538 1225 599 1263 ep.
623 1214 750 1252 1347.
783 1212 884 1252 Cum
909 1212 972 1251 his
997 1225 1076 1251 non
1101 1212 1301 1261 cohaeret,
1325 1211 1395 1250 sed
1420 1211 1528 1250 inter

160 1273 311 1312 Iuliani
329 1272 522 1323 epistulas
541 1272 609 1312 fol.
633 1273 736 1312 105¹
753 1272 902 1324 legitur
921 1286 980 1323 ep.
1003 1273 1057 1312 35
1084 1271 1278 1322 inscripta
1302 1270 1526 1323 λιβᾶνιος

164 1331 409 1373 ἰουλιανῶ.

220 1391 501 1431 Adhibuerunt
525 1391 618 1431 Fed.
643 1391 834 1432 Morellus
843 1387 877 1444 ²)
910 1394 951 1431 et
976 1391 1274 1440 Boissonadius,
1306 1392 1352 1429 ut
1377 1390 1525 1430 Anecd.

159 1453 190 1491 t.
208 1451 271 1491 111
297 1453 352 1492 95
379 1451 431 1490 ad
455 1464 516 1502 ep.
539 1453 653 1491 1347
674 1454 716 1491 et
736 1451 883 1492 Anecd.
902 1452 1003 1491 Nov.
1026 1452 1111 1491 309
1133 1450 1185 1490 ad
1204 1462 1264 1502 ep.
1286 1452 1337 1490 21
1362 1445 1525 1502 elz-26³)

160 1514 344 1558 testatur,
369 1511 481 1551 cuius
508 1523 628 1551 manu
652 1512 790 1551 notam
817 1507 1046 1551 ‘collata’
1074 1510 1127 1550 ad
1151 1524 1213 1561 ep.
1236 1512 1289 1550 21
1314 1510 1356 1549 in
1376 1510 1525 1550 codicis

161 1571 230 1611 fol.
253 1572 370 1621 177',
394 1573 443 1610 ut
467 1571 582 1621 alias,
606 1572 799 1622 scriptam
826 1583 910 1611 esse
935 1571 1099 1610 conicio.
1126 1570 1314 1621 Excerpsi
1337 1583 1373 1609 a.
1396 1570 1512 1609 1880

221 1690 305 1729 Alii
328 1691 371 1729 in
405 1689 588 1743 eligendo
619 1690 722 1730 nihil
747 1690 826 1730 nisi
849 1690 1041 1730 brevitati
1066 1690 1244 1729 animum
1269 1688 1524 1729 attendentes

161 1749 396 1800 epistolia
427 1751 570 1790 sectati
598 1751 706 1799 sunt,
737 1762 817 1790 non
843 1750 1038 1800 epistulas
1065 1750 1130 1789 vel
1154 1749 1299 1790 saltem
1323 1749 1385 1788 his
1409 1761 1524 1799 prae-

160 1809 351 1849 tulerunt.
391 1808 513 1849 Cuius
538 1810 694 1862 generis
719 1809 763 1849 hi
788 1812 882 1849 sunt
906 1810 1079 1849 codices:

223 1870 320 1910 196.
347 1869 616 1909 Vaticanus
640 1869 930 1922 Reginensis
960 1870 1043 1909 168
1070 1868 1201 1908 bomb.
1226 1869 1379 1908 formae
1405 1870 1502 1907 sext.
1524 1875 1594 1907 584

162 1927 244 1968 dec.
263 1941 317 1970 sc.
336 1929 423 1979 XV,
455 1929 552 1969 olim
578 1929 720 1968 Pauli
746 1929 937 1969 Petavii
967 1932 1070 1969 teste
1100 1929 1362 1979 inscriptione
1393 1927 1461 1967 fol.
1485 1929 1523 1976 1,

162 1988 230 2038 qui
262 1991 354 2039 post
381 1989 656 2029 collectionem
683 1989 946 2040 epistularum
972 1988 1132 2039 Synesii
1155 1988 1414 2039 inscriptione
1440 1989 1523 2038 pri·

160 2059 254 2087 vam
279 2048 367 2100 (fol.
391 2052 412 2088 1
431 2043 650 2101 —166')⁴)
683 2050 862 2088 continet
893 2049 964 2088 fol.
987 2049 1222 2088 167-178
1255 2047 1435 2099 eclogam
1462 2047 1522 2085 in-

162 2109 352 2158 scriptam
371 2105 570 2148 ἐπιστολαὶ
583 2108 765 2160 λιβανίου
780 2113 984 2159 σοφιστοῦ.
1018 2107 1123 2147 Sunt
1136 2108 1191 2147 45
1207 2108 1411 2158 epistolia,
1426 2119 1522 2157 quo-

160 2180 250 2206 rum
276 2168 331 2206 39
358 2180 464 2206 num.
490 2163 635 2207 α-λθ’
658 2167 864 2218 insignita,
890 2169 916 2206 5
937 2168 1082 2207 ultima
1101 2169 1143 2207 et
1160 2169 1335 2218 primum
1353 2167 1522 2217 inscrip-

159 2226 270 2266 tione
304 2227 420 2278 priva
453 2229 557 2267 sunt.
602 2227 705 2266 Sunt
737 2228 835 2267 382.
870 2228 938 2267 80.
978 2228 1103 2267 1398.
1141 2228 1390 2267 539-541.
1423 2227 1521 2265 634.

162 2287 261 2326 547.
289 2287 386 2326 548.
416 2287 513 2326 700.
541 2287 625 2326 226
666 2287 764 2326 491.
793 2288 921 2326 1146.
947 2287 1016 2326 81.
1044 2288 1142 2326 543.
1171 2287 1268 2326 545.
1296 2287 1393 2326 550.
1422 2287 1521 2325 567.

224 2379 257 2421 1)
280 2375 334 2412 cf.
354 2381 380 2412 t.
401 2376 432 2412 11
460 2380 504 2412 67
530 2388 567 2413 n.
586 2379 643 2412 93.
679 2375 734 2413 De
760 2376 824 2413 fol.
847 2380 915 2413 105
940 2376 987 2413 cf.
1008 2377 1108 2413 infra
1133 2389 1168 2413 u.
1190 2380 1270 2413 232.

221 2427 257 2467 2)
281 2423 334 2460 cf.
353 2426 381 2460 t.
400 2423 434 2460 11
458 2428 515 2460 61.
551 2423 654 2460 Infra
679 2424 749 2460 sub
774 2436 811 2461 n.
830 2428 913 2462 421.

222 2474 256 2516 3)
280 2470 335 2508 Cf.
355 2471 403 2508 ad
422 2483 481 2518 ep.
502 2475 582 2508 332.
604 2475 684 2508 339.
706 2475 786 2509 358.
807 2476 890 2509 360.
910 2475 990 2509 374.
1010 2476 1094 2508 48⁶.
1215 2474 1251 2517 4)
1271 2471 1372 2508 Fritz
1391 2474 1471 2507 339.
