1872 2924
274 1908 344 1938 513

351 211 435 255 106
652 212 1016 250 PROLEGOMENA
1046 215 1110 249 AD
1137 214 1396 251 EPISTULAS

345 301 464 340 finem
494 301 666 351 denique
695 297 904 355 (σκβ--τ’)
931 302 1026 341 ordo
1051 304 1227 353 corporis
1252 304 1395 343 melius
1421 306 1600 344 servatus
1625 307 1698 355 est,

345 373 436 399 cum
455 362 705 399 consentiens
723 362 806 400 fere
825 373 914 399 cum
933 362 1160 401 Burneiano
1180 375 1238 413 gr.
1252 363 1305 401 75
1326 363 1396 402 fol.
1408 364 1462 402 96
1471 376 1529 413 sq.
1549 363 1698 414 epistu-

345 420 405 458 las
424 420 499 459 hoc
518 420 655 459 ordine
671 420 873 459 exhibeat:
896 423 1037 460 1—14.
1061 423 1127 460 20.
1149 423 1322 460 22-24,
1344 424 1412 461 27.
1433 423 1500 462 28.
1523 424 1698 462 34-36,

346 481 522 518 42-45.
554 481 619 518 50.
649 481 744 519 693.
773 480 840 518 51.
868 481 934 519 53.
963 481 1030 520 55.
1059 481 1125 519 62.
1153 481 1219 521 63.
1249 482 1315 520 73.
1344 482 1410 520 75.
1440 483 1506 521 70.
1535 483 1601 520 77.
1630 483 1696 522 78.

346 539 415 577 84.
448 539 518 577 86.
551 539 619 577 88.
653 539 721 577 89.
754 540 821 578 95.
851 540 945 579 101.
975 541 1071 579 107.
1100 541 1196 578 109.
1225 542 1324 585 112.
1350 542 1445 579 119.
1474 543 1571 580 121.
1601 542 1696 580 125.

348 598 446 637 128.
477 599 573 637 132.
602 599 696 638 150.
728 599 822 638 143.
852 599 947 637 163.
980 600 1071 638 173.
1102 600 1196 639 183.
1227 601 1322 639 184.
1351 601 1447 639 188.
1477 601 1572 639 194.
1601 602 1698 639 197.

350 658 447 696 199.
476 659 574 696 203.
602 659 698 696 209.
727 659 823 697 210.
851 659 946 697 212.
975 659 1072 697 214.
1101 660 1196 698 215.
1226 661 1322 698 220.
1350 655 1447 698 223.
1475 660 1572 698 224.
1601 660 1697 699 229.

347 717 446 755 236.
474 717 571 755 241.
600 718 697 755 243.
726 718 821 756 244.
849 718 946 756 248.
996 717 1150 756 Ultima
1187 718 1359 768 epistula
1396 731 1487 757 cum
1522 719 1590 757 fol.
1614 719 1696 757 125

347 775 478 814 verbis
509 769 541 814 ὦ
566 779 644 814 παῖ
662 773 808 823 τυδέως
832 771 888 829 (Χ
916 777 1014 826 235,
1034 772 1079 830 3)
1105 777 1262 816 desinit.
1311 777 1395 816 Fol.
1419 780 1501 817 126
1528 789 1698 816 vacuum

346 836 533 873 relictum
552 837 623 873 est.
655 835 845 885 Reliquas
863 836 983 874 huius
1002 836 1247 875 collectionis
1268 837 1460 887 epistulas
1476 838 1694 876 249-721

346 896 388 932 et
421 895 682 933 725—1103
721 896 896 934 servavit
926 895 1177 934 Burneianus
1205 897 1258 934 75
1297 897 1364 934 fol.
1390 897 1620 936 109—122
1660 898 1701 935 et

348 954 535 993 80—91.
567 953 614 991 In
633 954 868 993 lectionibus
887 967 1045 1004 quoque
1070 967 1158 993 cum
1176 954 1208 993 S
1230 956 1311 994 fere
1337 955 1533 994 consentit
1556 955 1626 1005 ita,
1650 957 1698 994 ut

345 1013 469 1051 etiam
499 1013 620 1052 verba
651 1014 692 1051 in
724 1026 783 1063 ep.
806 1014 890 1052 552
922 1012 988 1052 καὶ
1019 1011 1117 1066 μέγα
1143 1035 1198 1040 -—
1224 1012 1418 1066 ἐπέρχεται
1444 1013 1496 1064 (Χ
1524 1016 1622 1063 512,
1643 1016 1696 1053 17

346 1073 505 1121 -513,
521 1067 566 1125 5)
594 1085 640 1111 ex
665 1085 724 1122 ep.
741 1074 824 1112 549
848 1074 1022 1123 repetita
1046 1086 1255 1124 perperam
1281 1086 1371 1112 cum
1395 1074 1470 1112 hoc
1495 1074 1696 1122 exhibeatg

344 1144 448 1182 quae
468 1131 510 1169 in
534 1132 609 1170 hoc
633 1134 772 1181 postea
795 1133 946 1171 inserta
972 1135 1075 1181 sunt,
1102 1132 1151 1170 ab
1171 1145 1216 1171 eo
1236 1133 1370 1172 abesse
1391 1135 1698 1172 consentaneum

346 1193 417 1229 est.
450 1190 529 1229 Ubi
549 1191 598 1229 ab
619 1204 665 1230 eo
684 1191 845 1240 recedit,
870 1192 1102 1241 plerumque
1122 1191 1294 1230 deterior
1312 1194 1384 1231 est.
1412 1192 1545 1231 Verba
1565 1194 1699 1231 autem

344 1263 406 1299 ep.
430 1251 512 1289 183
541 1249 662 1289 αὐτὸν
681 1272 737 1276 -
758 1253 882 1301 μόνον
907 1246 962 1303 (Χ
985 1245 1190 1302 169‚15)‚
1222 1264 1324 1301 quae
1349 1251 1391 1290 in
1417 1264 1463 1290 eo
1489 1265 1612 1302 aeque
1640 1254 1698 1290 at·

344 1322 424 1359 que
450 1310 491 1347 in
518 1310 743 1348 Burneiano
767 1311 920 1360 extant,
945 1310 985 1349 in
1011 1309 1043 1349 S
1067 1323 1190 1359 aeque
1217 1313 1339 1361 atque
1364 1311 1405 1348 in
1433 1311 1539 1349 VVa
1557 1311 1610 1349 Vo
1635 1324 1697 1350 ex-

347 1368 545 1418 ciderunt,
579 1382 657 1407 non
692 1369 919 1408 coniectura
954 1370 1165 1417 contineri,
1202 1370 1268 1408 sed
1301 1370 1534 1420 exemplari,
1568 1382 1588 1408 e
1621 1383 1698 1420 quo

345 1429 512 1477 uterque
545 1428 767 1478 descriptus
800 1430 878 1477 est,
912 1431 1072 1467 servata
1103 1441 1185 1467 esse
1218 1429 1412 1467 videntur.
1465 1428 1648 1468 Codicem
1677 1442 1700 1467 a

346 1488 596 1538 Rostgaardo
616 1488 876 1527 Mediceum
895 1488 931 1526 A
957 1488 1204 1538 appellatum
1228 1488 1345 1527 huius
1368 1489 1491 1538 copiis
1517 1501 1611 1527 usus
1631 1489 1698 1526 ad-

344 1546 477 1584 hibuit
502 1546 688 1595 Wolfius,
717 1548 786 1596 qui
815 1561 875 1597 ep.
897 1549 1187 1586 1189-1201
1216 1542 1280 1600 (=
1302 1549 1535 1586 413—423
1557 1543 1619 1600 F.)
1653 1560 1699 1586 ex

346 1618 392 1644 eo
419 1605 553 1644 edidit.
590 1606 838 1646 Examinavi.
883 1607 942 1645 De
967 1606 1152 1656 epistulis
1176 1607 1293 1645 huius
1319 1607 1465 1645 codicis
1490 1620 1514 1645 a
1535 1606 1698 1646 Salvino

347 1665 505 1714 scriptis
539 1667 578 1703 et
611 1667 653 1703 in
684 1665 864 1716 linguam
900 1666 1087 1705 Latinam
1125 1667 1322 1705 conversis
1360 1665 1450 1705 vide
1488 1665 1592 1704 infra
1624 1665 1698 1704 sub

346 1738 382 1761 n.
405 1726 581 1763 80—82.

405 1784 465 1821 Ex
483 1783 621 1822 eodem
640 1784 855 1833 exemplari
874 1786 1059 1834 excerpta
1078 1786 1138 1822 est
1157 1784 1328 1822 secunda
1347 1797 1439 1834 pars
1452 1784 1697 1823 collectionis

349 1844 433 1881 575
460 1843 732 1892 epistularum,
758 1856 878 1893 quam
903 1843 1067 1893 praebet
1092 1844 1210 1882 codex

411 1903 475 1941 70.
490 1902 643 1941 Musei
664 1903 964 1940 Britannici
982 1902 1309 1942 Burneianus
1335 1916 1398 1953 gr.
1417 1904 1469 1941 75
1492 1898 1555 1955 <Ξ
1569 1897 1696 1955 Burn)

348 1961 470 2000 chart.
497 1962 648 2000 formae
674 1965 749 2000 oct.
774 1974 826 2000 se.
846 1961 918 1999 XV
944 1962 1089 2001 litteris
1120 1964 1286 2001 minutis
1317 1961 1534 2011 nitidisque
1561 1974 1696 2000 exara-

347 2024 411 2058 tus
446 2021 514 2059 fol.
543 2022 715 2060 3—175
751 2021 984 2070 inscriptam
1023 2021 1203 2073 λιβανίου
1241 2027 1431 2071 σοφιστοῦ
1469 2019 1535 2059 καὶ
1571 2020 1696 2060 κοιαί-

347 2090 494 2132 στωρος
518 2078 726 2119 ἐπιστολαί.
760 2079 983 2119 Praemissa
1008 2084 1068 2119 est
1094 2093 1153 2130 ep.
1176 2082 1278 2130 1143
1309 2082 1491 2130 sequitur
1515 2080 1696 2118 collectio

347 2137 626 2188 Lacapeniana
663 2135 851 2190 β-σξα’
888 2135 951 2192 (=
981 2135 1192 2193 1—198);
1231 2152 1330 2189 quae
1369 2152 1461 2177 vero
1499 2139 1590 2177 huic
1627 2139 1694 2177 fol.

351 2198 521 2236 79—91
562 2198 778 2237 succedunt
817 2199 1012 2248 epistulae
1053 2193 1281 2251 σξβ--τμγ’
1318 2194 1382 2251 (=
1413 2193 1695 2250 725—1103)

348 2256 543 2295 debebant
568 2258 679 2307 sequi
704 2258 896 2307 epistulas
922 2251 1194 2311 τοδ-φη’(--ε
1215 2253 1408 2309 3-721),
1435 2270 1536 2306 quae
1555 2257 1622 2295 fol.
1639 2258 1692 2294 96

349 2318 481 2354 -122
509 2317 771 2355 continentur.
815 2317 969 2355 Mediae
993 2318 1098 2355 inter
1122 2317 1193 2355 has
1221 2317 1287 2355 fol.
1312 2317 1471 2355 91--96
1499 2318 1695 2366 apparent

348 2376 528 2413 secundis
566 2376 669 2414 curis
707 2377 974 2425 supplementi
1016 2376 1142 2415 instar
1178 2376 1346 2415 selectae
1385 2388 1444 2425 ep.
1470 2371 1694 2426 τμδ-τογ’

348 2433 411 2483 (=
427 2436 550 2473 1131:
576 2436 1001 2474 1205.1136-1138
1036 2436 1309 2474 11421152.
1333 2435 1426 2473 758.
1451 2435 1574 2472 1226.
1596 2435 1692 2472 656.
