1872 2924
406 222 427 263 ς
447 221 480 255 ⁸.
510 215 577 255 DE
602 216 789 255 comem
821 217 875 255 Vo
898 217 1255 256 PROPAGINIBUS
1461 219 1520 264 83

158 308 290 348 lerum
319 306 362 347 in
405 307 459 347 Vc
495 319 575 347 uno
608 306 708 347 folio
745 306 893 348 smisso
929 307 1180 358 perditurum
1215 308 1330 348 nulls
1364 309 1523 349 ratione

158 366 300 408 habit·
330 379 411 407 non
441 378 626 407 numeros
658 366 700 419 ιβ
731 378 858 418 usque
888 366 940 406 sd
965 380 1005 413 ις
1028 367 1273 419 transfluit,
1304 368 1374 409 sed
1405 368 1457 407 ab
1483 383 1523 408 ια

159 426 210 467 nd
236 426 277 480 ιβ
301 426 476 467 transiit.
514 426 737 466 Numerum
767 426 813 474 ξζ
834 427 877 465 in
900 426 973 466 illo
998 427 1104 467 inter
1128 427 1175 476 ξς
1199 430 1241 467 et
1257 428 1306 480 ξη
1332 429 1524 468 omissum

160 485 353 527 adhibuit.
399 485 624 526 Succedunt
654 485 723 526 fol.
752 486 829 526 22'
865 486 1048 539 λιβανίου
1078 492 1271 539 σοφιστοῦ
1307 486 1375 527 καὶ
1410 487 1523 528 uval-

159 557 298 599 στορος
328 544 542 586 ἐπιστολῶν
574 545 731 598 βιβλίον
762 544 967 599 δεύτερον,
999 548 1042 586 et
1069 547 1399 598 inscriptionibus
1432 560 1523 588 cum

159 604 417 646 antecedente
448 606 636 658 congruis
666 605 854 646 instructi
885 606 955 645 fol.
976 606 1033 646 43
1059 606 1162 647 liber
1185 607 1343 657 tertius,
1369 607 1438 647 fol.
1465 607 1520 648 67

157 665 259 705 liber
284 667 474 717 quartus,
504 665 573 705 fol.
594 666 651 705 90
682 664 785 704 liber
815 666 1000 716 quintus,
1025 666 1094 707 fol.
1114 668 1220 707 117'
1251 666 1352 706 liber
1376 669 1524 717 sextus,

156 726 226 776 qui
240 724 389 764 desinit
400 724 467 765 fol.
478 726 530 764 21
539 726 564 765 9
579 725 755 776 epistula
770 728 792 766 1
801 728 821 764 1
831 726 898 765 10.
919 724 1173 766 Concordant
1185 739 1275 766 cum
1290 726 1346 766 Vo
1359 729 1523 778 excepto

157 784 267 836 quod
291 783 393 824 duae
417 784 584 824 ultimae
614 784 734 824 huius
758 784 906 825 codicis
931 798 992 836 ep.
1015 787 1127 826 1111
1156 788 1198 826 et
1224 788 1338 826 1112
1371 786 1525 838 pariter

161 846 284 895 etque
307 845 351 884 in
369 843 554 884 Parisino
574 845 690 884 2962
713 847 762 884 ut
780 844 900 885 nimis
918 845 1078 885 hiantes
1095 847 1399 896 praetermissae
1417 849 1521 887 sunt.

158 903 207 944 In
225 904 400 955 epistula
421 905 549 954 1101,
568 916 691 955 quem
713 905 769 944 Vo
787 904 899 944 solus
917 906 1106 955 servavit,
1128 906 1294 945 eundem
1313 919 1434 958 quam
1453 906 1524 946 ille

159 964 345 1003 lacunam
369 963 549 1014 praebet,
573 963 643 1004 sed
667 964 791 1004 etism
814 963 858 1004 τὸ
885 967 978 1004 ante
1004 963 1198 1005 συντεθὲν
1223 967 1267 1005 in
1287 966 1361 1006 illo
1386 979 1523 1018 super·

158 1025 240 1064 stes
264 1023 411 1063 omisit.
450 1023 700 1064 Exsmmavi.

219 1083 280 1122 Ex
304 1082 500 1123 Urbinate
525 1084 741 1123 maximam
766 1085 923 1135 purtem
947 1084 1154 1124 derivatus
1179 1089 1241 1124 est
1264 1085 1388 1125 codex

221 1143 291 1183 32.
316 1141 709 1183 vindobonensis
733 1143 897 1183 Medic.
916 1143 1012 1183 XVI
1036 1139 1153 1198 (olim
1180 1139 1258 1199 35)
1281 1145 1408 1185 churt-
1433 1145 1596 1190 for-48⁴1

163 1214 252 1241 mse
277 1202 367 1243 folii
391 1202 558 1244 diversis
583 1202 770 1243 manibus
795 1215 847 1243 sc.
867 1202 941 1242 XV
965 1207 1152 1244 exaratus
1176 1204 1342 1245 miscell.
1360 1205 1412 1244 ab
1431 1206 1526 1245 Au-

160 1261 294 1314 gerio
319 1260 374 1301 de
401 1262 647 1302 Busbecke
679 1265 937 1315 comparatus
963 1262 1312 1315 Constantinopoli
1336 1267 1440 1305 teste
1465 1265 1526 1304 in-

161 1321 378 1372 scriptione
408 1322 478 1362 fol.
507 1325 546 1372 1,
577 1323 648 1373 qui
678 1322 748 1362 fol.
769 1323 954 1362 35—42'
984 1323 1079 1363 libri
1111 1323 1131 1362 I
1162 1324 1357 1374 epistulas
1390 1326 1522 1365 1-43

161 1380 328 1432 praebet
357 1383 524 1432 excepte
555 1383 611 1422 29
636 1382 862 1422 rubricatas
885 1381 1069 1435 λιβανίου
1095 1389 1287 1433 σοφιστοῦ
1311 1381 1524 1426 ἐπιστολαί.

163 1440 286 1480 Deest
310 1442 356 1480 ut
374 1441 417 1480 in
435 1439 631 1481 Urbinate
650 1442 843 1482 indicatio
861 1442 957 1482 libri
974 1442 1006 1482 1.
1043 1442 1201 1483 Desunt
1217 1445 1340 1483 etiam
1359 1445 1524 1484 nomina

160 1512 297 1540 eorum
329 1500 380 1540 sd
411 1513 510 1552 quos
541 1501 660 1542 datae
688 1505 794 1542 sunt.
830 1501 998 1542 Numeri
1028 1502 1158 1542 additi
1187 1505 1283 1542 sunt
1311 1505 1473 1544 tantum
1497 1519 1524 1544 α

163 1556 258 1607 -ζ’,
284 1559 354 1600 sed
377 1557 419 1614 γ’
445 1562 615 1601 omissus
640 1562 682 1600 in
707 1574 768 1613 ep.
791 1563 815 1601 3
843 1564 884 1601 et
907 1562 1119 1613 appositus
1144 1562 1342 1613 epistulae
1367 1565 1407 1614 4,
1431 1563 1524 1604 reli-

161 1620 234 1670 qui
264 1619 418 1660 desunt.
463 1620 536 1671 Ep.
563 1622 619 1661 43
659 1633 750 1661 cum
787 1621 856 1662 fol.
883 1623 958 1661 41¹
987 1621 1136 1661 desinit
1164 1622 1207 1661 in
1237 1635 1334 1662 voce
1364 1621 1524 1675 ὖπολαμ

160 1675 309 1731 [βᾶνω]
336 1676 393 1732 (Χ
413 1682 483 1730 41,
506 1681 561 1720 10
605 1681 719 1720 iuxta
750 1693 871 1732 quum
902 1681 945 1720 in
977 1681 1158 1734 margine
1182 1682 1332 1735 legitur
1354 1678 1460 1736 Zfif'
1482 1687 1524 1723 et

160 1738 228 1778 fol.
249 1740 327 1777 41*
343 1739 489 1790 incipit
508 1737 534 1779 ι’
573 1757 618 1771 -
632 1753 692 1791 ep.
708 1736 827 1793 617).
857 1739 1088 1792 Sequuntur
1106 1754 1166 1792 ep.
1181 1743 1280 1782 499.
1301 1744 1401 1783 325.
1421 1744 1519 1783 327.

161 1799 259 1838 331.
286 1799 385 1850 333,
411 1811 516 1849 quae
540 1802 723 1850 sumptae
755 1802 852 1840 sunt
882 1814 903 1839 e
930 1800 1165 1841 collectione
1190 1801 1470 1853 Lscapenisnn.
1494 1803 1521 1855 β

158 1853 255 1905 -ζ’.
294 1857 542 1898 Examinnvi.

221 1916 299 1957 Sed
328 1918 450 1958 etism
476 1917 528 1958 sd
553 1919 841 1971 excerpendum
868 1920 990 1959 codex
1015 1920 1235 1960 Vossianus
1259 1921 1421 1961 saeculo
1444 1922 1520 1961 XV

160 1976 251 2026 plus
276 1977 398 2016 semel
423 1977 628 2018 adhibitus
653 1981 726 2029 est,
750 1991 796 2019 ac
814 1981 987 2030 primum
1006 1980 1171 2030 quidem
1189 1980 1240 2019 ab
1260 1983 1421 2021 auctore
1439 1982 1520 2033 syl-

162 2036 280 2087 logne
306 2037 586 2088 epistularum,
611 2051 732 2089 quum
756 2039 922 2090 praebet

221 2095 290 2136 33.
322 2095 710 2138 vindobonensis
747 2098 863 2149 phil.
895 2112 960 2151 gr.
992 2097 1060 2138 XO
1098 2095 1215 2153 (olim
1252 2098 1346 2139 1110
1385 2095 1588 2154 30)¹)4es

160 2150 227 2207 (—
247 2150 376 2208 vind)
399 2155 553 2196 membr
587 2158 741 2197 formae
759 2157 848 2198 folii
868 2170 916 2197 ex
934 2173 977 2209 ιη
997 2158 1326 2209 quaternionibus
1345 2160 1410 2199 vel
1432 2162 1518 2201 140

222 2269 258 2314 1)
281 2267 350 2304 Est
379 2269 496 2306 codex
527 2280 638 2316 quem
667 2270 773 2308 nullo
802 2282 957 2307 numero
984 2271 1211 2318 insignitum
1234 2272 1516 2310 membranu-

160 2325 285 2351 ceum
299 2315 397 2352 dixit
409 2315 724 2354 RLsmbecius
736 2317 776 2354 in
789 2318 910 2355 Libsn
929 2319 1024 2355 rhet.
1035 2319 1207 2356 Antioch.
1220 2330 1293 2376 epp
1311 2318 1391 2365 xn,
1403 2320 1515 2357 Fren-

158 2361 228 2399 cof.
255 2364 294 2399 et
316 2363 415 2410 Lips.
440 2367 551 2410 2⁷07,
576 2369 621 2401 ⁶4
635 2377 689 2411 sq.
709 2365 867 2402 Wolflus
897 2366 1010 2402 initis.
1037 2368 1185 2403 tentum
1215 2367 1463 2414 epistularum
1494 2379 1518 2405 ι

159 2409 448 2449 Tre-ementem
479 2413 668 2459 exsciipte
698 2416 831 2450 noctu·
861 2417 929 2456 est.
960 2424 982 2450 e
1011 2415 1149 2460 quibus
1177 2426 1308 2462 peuce,
1338 2415 1443 2453 velut
1466 2415 1515 2452 sd

159 2469 217 2504 ep.
238 2461 308 2495 ⁵54
333 2460 366 2505 (e
391 2459 730 2498 Vindobonemubus
751 2461 997 2508 membranis),
1021 2462 1192 2508 protulit.
