1872 2924
325 227 411 270 124
626 226 994 263 PROLEGOMENA
1021 226 1089 262 AD
1113 226 1374 262 EPISTULAS

322 335 352 391 5
372 333 411 379 5.
443 335 504 379 De
524 334 678 391 ecloga
702 334 847 379 altera
871 311 1160 392 epistularum
1177 348 1211 391 9
1236 346 1259 377 e
1281 334 1497 379 communi
1522 347 1616 380 cum
1639 340 1687 379 Σ

822 405 944 451 fonte
967 404 1178 464 profecta.

383 492 461 532 Sed
494 493 615 533 codex
647 493 717 531 ille
751 505 770 531 e
802 494 961 543 praeter
991 494 1032 531 Σ
1064 492 1205 532 habuit
1241 493 1519 543 propaginem,
1557 506 1679 543 quam

323 552 461 592 littera
491 565 519 602 9
550 552 754 603 insignivi.
802 552 836 590 Ε
871 564 951 602 qua
981 552 1182 602 profectus
1220 553 1280 590 est
1315 553 1475 602 praeter
1509 551 1592 602 Su,
1629 552 1677 591 de

323 624 404 662 quo
431 624 554 661 supra
576 625 615 662 p.
637 613 691 651 97
718 611 791 650 sub
816 625 853 650 n.
870 612 924 650 55
942 624 965 650 a
999 611 1121 650 verba
1145 611 1327 661 fecimus,
1356 611 1477 649 codex
1495 612 1532 661 h,
1557 624 1579 650 e
1598 624 1680 662 quo

322 673 434 711 ortus
459 672 520 710 est
538 672 646 716 Men
671 672 712 709 et
735 671 868 720 codex,
894 671 967 721 qui
990 671 1080 709 fons
1103 670 1183 709 fuit
1206 670 1512 720 archetyporum
1531 671 1545 709 l
1569 672 1610 710 et
1625 683 1681 709 m.

384 730 506 782 Signo
519 731 628 775 Man
646 729 826 781 significo
839 730 1036 781 syllogam
1051 730 1231 778 alteram,
1248 742 1366 780 quam
1380 729 1545 779 praebet
1556 730 1679 770 codex

385 803 452 844 95.
478 801 778 851 Mosquensis
803 814 868 852 gr.
886 795 1014 853 459¹)
1034 801 1101 840 fol.
1120 802 1341 839 379—416
1362 813 1483 839 manu
1502 812 1527 839 a.
1544 800 1680 851 priore

323 860 482 915 diversa
507 862 711 899 exaratam
742 862 784 899 et
813 860 1058 899 rubricatam
1087 859 1270 911 λιβανίου
1300 865 1492 909 σοφιστοῦ
1515 858 1583 899 καὶ
1607 859 1677 912 ῥή-

322 934 438 973 τορος
467 918 669 959 ἐπιστολαί
696 915 760 971 (³-
773 914 910 966 M011).
956 919 1059 958 Sunt
1083 919 1314 958 numeratae
1345 914 1511 970 α-ριζ’.
1553 919 1681 958 Sunt:

325 980 423 1018 352.
452 981 548 1018 122.
576 980 673 1019 125.
699 980 802 1028 174;
830 979 942 1018 1559
964 978 1025 1015 W.
1050 979 1076 1018 i.
1097 991 1128 1017 e.
1149 978 1332 1028 Procopii
1357 991 1418 1028 ep.
1439 978 1492 1017 87
1515 978 1683 1027 Herch.;

326 1039 421 1078 175.
457 1039 553 1077 651.
590 1039 685 1077 137.
719 1039 786 1078 25.
820 1039 926 1089 442;
965 1038 1078 1076 1572
1106 1037 1168 1076 W.
1200 1037 1225 1077 i.
1252 1050 1283 1076 e.
1315 1036 1481 1087 Procop.
1513 1049 1572 1088 ep.
1604 1038 1679 1086 563

327 1099 425 1137 670.
448 1098 574 1136 1267.
601 1099 699 1137 488.
725 1099 794 1137 49.
818 1099 914 1136 119.
942 1098 1039 1136 383.
1063 1098 1158 1136 163.
1185 1098 1283 1135 499.
1306 1097 1402 1136 123.
1430 1097 1526 1136 636.
1549 1097 1679 1135 1330.

326 1159 453 1196 1170.
488 1157 584 1196 236.
615 1157 740 1196 1173.
771 1157 866 1195 736.
900 1157 996 1195 617.
1030 1157 1128 1195 441.
1163 1157 1259 1196 389.
1294 1156 1362 1194 58.
1388 1157 1456 1194 46.
1485 1156 1552 1196 98.
1579 1156 1677 1195 364.

326 1217 392 1256 69.
427 1216 525 1255 655.
559 1217 656 1255 346.
691 1216 788 1255 380.
823 1217 920 1255 327.
949 1217 1046 1255 173.
1079 1217 1176 1255 410.
1205 1217 1302 1254 872.
1332 1216 1426 1254 736.
1456 1216 1552 1255 320.
1580 1215 1661 1254 221

326 1277 425 1315 744.
456 1277 552 1314 780.
581 1277 676 1314 509.
706 1276 802 1314 969.
831 1276 927 1314 847.
955 1275 1053 1314 851.
1080 1275 1177 1313 857.
1205 1275 1303 1314 892.
1331 1275 1427 1314 103.
1455 1275 1553 1313 184.
1581 1275 1681 1313 195.

326 1335 423 1373 226.
458 1336 555 1374 237.
590 1336 685 1373 239.
721 1336 819 1373 242.
852 1335 950 1373 245.
985 1335 1082 1373 256.
1110 1335 1207 1372 282.
1235 1334 1332 1373 298.
1360 1335 1458 1372 299.
1486 1333 1581 1372 348.
1611 1334 1682 1371 72.

326 1394 453 1434 1155.
476 1395 572 1432 666.
595 1395 662 1433 80.
686 1395 811 1433 1398.
833 1395 931 1433 497.
955 1394 1081 1431 1218.
1106 1395 1231 1433 1220.
1254 1394 1350 1432 354.
1373 1394 1469 1432 339.
1491 1394 1558 1432 81.
1581 1393 1682 1431 379.

326 1454 425 1493 366.
453 1454 551 1492 367.
579 1454 677 1492 685.
703 1454 800 1492 432.
829 1454 895 1492 61.
925 1454 1021 1492 105.
1052 1453 1177 1491 1133.
1205 1453 1301 1491 581.
1330 1453 1429 1490 632.
1455 1452 1553 1491 639.
1581 1452 1681 1491 606.

327 1513 411 1552 696
454 1514 551 1552 732.
579 1513 676 1552 309.
705 1513 802 1551 762.
831 1514 927 1551 741.
955 1513 1052 1551 797.
1080 1514 1177 1551 802.
1205 1512 1302 1550 810.
1331 1512 1427 1550 819.
1455 1511 1553 1550 838.
1580 1511 1683 1548 842.

325 1573 423 1610 957.
451 1573 548 1612 992.
576 1573 673 1611 390.
701 1572 769 1609 35.
796 1573 893 1610 316.
920 1572 988 1611 44.
1017 1572 1083 1609 75.
1112 1572 1178 1609 95.
1208 1573 1304 1610 112.
1334 1572 1429 1609 150.
1456 1570 1553 1608 386.
1581 1569 1679 1608 578.

327 1632 453 1670 1441.
482 1631 607 1670 1185.
637 1631 763 1670 1154.
793 1631 917 1670 1238.
946 1632 1043 1670 995.
1071 1631 1196 1669 1033.
1242 1629 1377 1669 Scatet
1400 1629 1512 1668 vitiis
1538 1629 1683 1679 impri—

323 1689 400 1729 mis
425 1691 467 1728 in
492 1689 720 1729 nominibus
740 1702 878 1728 eorum
904 1689 956 1728 ad
975 1702 1074 1740 quos
1100 1688 1297 1739 epistulae
1323 1688 1440 1728 datae
1466 1689 1559 1726 sunt
1578 1700 1687 1727 com-

324 1748 468 1799 missis,
494 1750 606 1788 velut
631 1750 715 1788 442
742 1762 822 1788 ιιοιι
847 1748 1075 1803 καλλιοπίῳ,
1099 1749 1169 1786 sed
1194 1747 1368 1803 δακιανῷ
1390 1747 1585 1797 inscripta
1609 1750 1687 1796 est,

327 1808 440 1847 1155
476 1822 557 1847 non
589 1807 809 1864 οὖλπιανῷ,
846 1808 913 1847 sed
944 1805 1189 1863 ἀνδρονίκῳ,
1229 1807 1341 1846 1398
1374 1819 1454 1845 non
1484 1805 1688 1860 ρουφίνῳ,

325 1868 394 1906 sed
420 1866 595 1923 ἒλπιδίῳ,
622 1869 737 1907 1220
763 1880 841 1907 non
867 1868 1078 1922 σκυλακίῳ,
1104 1867 1172 1905 sed
1197 1864 1451 1918 ἀριστοφάνει
1475 1868 1527 1919 τῷ
1547 1879 1684 1917 κοριυ-

325 1926 419 1983 θίῳ,
447 1928 561 1966 1238
587 1939 667 1965 non
691 1925 871 1981 ἕλπιδίῳ,
899 1926 967 1965 sed
992 1925 1190 1981 παλαδίῳ,
1215 1926 1284 1964 sed
1310 1925 1431 1964 etiam
1457 1924 1682 1964 omissioni—

327 1986 399 2025 bus
425 1988 467 2025 et
491 1985 868 2036 transpositionibus
892 1986 1190 2025 vocabulorum.
1225 1984 1441 2024 Rarissime
1465 1983 1590 2034 igitur
1614 1996 1682 2022 ne-

325 2058 402 2095 que
426 2046 509 2084 fere
534 2045 612 2084 nisi
640 2045 710 2084 ubi
735 2058 760 2083 a
784 2046 874 2090 Mo1
900 2044 1051 2084 recedit
1080 2045 1294 2083 lectionum
1328 2044 1414 2082 eius
1438 2042 1682 2081 mentionem

326 2105 413 2144 feci.

384 2163 500 2202 Hanc
525 2176 682 2214 quoque
707 2163 982 2203 collectionem
1006 2162 1200 2201 Matthaei
1231 2174 1320 2200 cum
1345 2161 1519 2200 editione
1543 2159 1682 2199 Wolfii

323 2224 495 2262 contulit
528 2223 691 2273 eiusque
723 2235 845 2272 opera
878 2222 954 2261 niti
985 2221 1109 2272 potui.
1160 2220 1249 2259 Vid.
1281 2233 1403 2270 supra
1435 2219 1510 2259 sub
1545 2232 1583 2257 n.
1611 2220 1680 2257 47.

322 2282 448 2321 Initia
478 2283 657 2322 omnium
686 2283 923 2331 copiamque
947 2283 1138 2331 quattuor
1162 2280 1421 2330 epistularum
1448 2277 1684 2317 Theodorus

323 2341 476 2380 Korsch
502 2342 601 2380 mihi
625 2341 746 2380 misit.

386 2455 420 2496 1)
446 2454 566 2499 Supra
590 2466 626 2500 p.
646 2458 691 2489 90
710 2466 746 2489 n.
766 2458 823 2490 47.
