1872 2924
317 248 339 290 ς
357 246 392 281 ε.
430 242 496 281 nn
521 242 723 281 nonoms
748 222 898 281 nrm.
923 243 989 281 nx
1013 256 1040 282 a
1062 243 1328 282 Paomc‘ns
1419 244 1504 288 163

142 346 225 375 non
248 333 379 375 colum
402 332 446 373 in
469 332 609 373 ordine
633 332 811 383 corporis
836 333 1022 387 vestigia,
1046 333 1115 374 aed
1139 333 1262 374 etiam
1287 333 1396 374 colae
1420 334 1505 374 aive

142 393 338 446 epistulae
361 393 540 445 integrae
565 393 651 432 aive
675 392 867 432 lectiones
891 393 1088 446 genuinae
1113 396 1383 435 serv-verunt.
1427 393 1506 434 Sed

142 464 293 505 pancas
310 453 516 493 continent
536 451 730 503 epistulae
749 460 989 505 communes,
1007 454 1055 493 nt
1080 454 1180 503 636,
1200 454 1284 494 909
1311 454 1354 493 in
1372 452 1506 493 Athoo

143 515 187 553 et
203 512 456 554 Berolinensi
474 513 634 562 extant,
654 523 785 562 neque
810 514 922 552 artae
947 512 1054 552 inter
1077 524 1119 553 ee
1144 512 1395 565 cognationis
1419 513 1506 553 vin·

143 572 279 613 culum
306 571 511 621 exhibent,
540 571 647 611 unde
675 572 932 622 consequitur
955 584 1030 612 ena
1054 572 1236 625 singulos
1261 572 1416 613 codices
1439 573 1507 614 via

143 645 192 672 ex
217 644 244 673 a
267 632 467 684 profectos
491 643 588 672 eane.

206 692 241 732 B
272 691 417 743 quibua
446 692 577 742 primo
606 691 695 731 loco
729 691 995 732 nominandus
1030 694 1092 732 est
1121 691 1261 742 codex,
1294 692 1366 743 qui
1399 691 1507 732 solue

143 764 268 792 unam
292 750 506 803 epistulam
530 747 629 805 (18)
655 750 844 801 servavit,

207 823 305 864 182.
324 822 619 863 Bodleianua
638 820 967 862 Baroccianue
992 837 1049 876 gr.
1069 823 1127 863 50
1146 817 1213 877 (—
1230 818 1312 873 Ba)
1330 822 1494 863 membr.
1509 828 1577 863 681

144 884 298 924 formae
323 884 444 935 quart
472 894 524 923 ac.
538 881 607 933 XI,
633 882 704 934 qui
728 882 797 922 fol.
813 883 920 922 369*
939 884 980 922 et
1000 883 1087 922 370
1111 884 1291 923 continet
1313 883 1338 922 6
1358 882 1507 934 epistu-

144 942 207 984 las
235 942 497 994 inscriptione
526 942 664 994 privas
697 943 824 981 1—4.
859 942 913 981 18
947 938 1088 996 (quam
1118 942 1194 982 hoc
1224 942 1359 982 codice
1389 943 1507 982 unico

145 1004 347 1043 matam
371 1001 522 1054 publici
545 1002 646 1042 iuris
670 1002 747 1042 feci
772 1002 877 1041 Ann.
897 1002 1086 1042 Fleckeia.
1109 1003 1236 1053 1876,
1262 998 1382 1055 494).
1409 1003 1507 1051 620,

145 1062 216 1103 aed
240 1062 338 1103 haec
361 1062 445 1102 iam
469 1074 559 1102 cum
584 1061 653 1101 fol.
668 1062 776 1101 370*
800 1061 949 1102 desinit
972 1061 1015 1100 in
1040 1060 1163 1100 verba
1187 1060 1337 1114 ἀφίημι
1360 1059 1403 1101 τὸ
1428 1063 1507 1101 λοι-

143 1120 224 1163 πὸν
247 1122 305 1177 (X
331 1123 431 1173 571,
452 1117 576 1175 2eq.).
619 1121 779 1161 Primae
805 1123 999 1172 quattuor
1022 1121 1219 1172 epistulae
1243 1122 1421 1172 corporis
1447 1134 1508 1161 or-

146 1181 282 1222 dinem
299 1182 490 1232 referunt,
514 1181 583 1221 sed
602 1181 725 1222 etiam
744 1180 920 1232 epistula
945 1182 1089 1232 quinta
1106 1183 1148 1220 et
1172 1181 1362 1221 lectiones
1386 1182 1510 1232 ipsae,

146 1242 224 1282 etsi
242 1240 432 1282 librarius
449 1241 799 1293 neglegentissime
819 1240 950 1281 officio
969 1253 1043 1281 auo
1062 1241 1225 1281 functus
1244 1242 1317 1290 est,
1335 1240 1510 1280 codicem

146 1313 226 1341 non
252 1313 274 1340 e
299 1301 335 1351 b,
359 1301 428 1341 sed
454 1314 502 1340 ex
526 1314 553 1340 a
576 1313 760 1340 manasse
783 1299 958 1352 probant
980 1300 1059 1350 ita,
1083 1302 1131 1340 ut
1153 1300 1271 1340 valde
1297 1299 1507 1339 dolendum

149 1362 216 1411 sit,
240 1360 346 1412 quod
370 1362 501 1401 maior
524 1373 619 1412 pars
644 1359 791 1400 codicia
816 1361 949 1411 periit.
992 1359 1165 1400 Contuli.

208 1419 279 1461 Bis
303 1420 528 1472 descriptus
553 1422 633 1460 est:
656 1421 769 1472 prius
794 1419 845 1460 ab
870 1420 1038 1460 Isaaco
1064 1419 1250 1469 vossio,
1278 1419 1390 1459 cuius
1415 1431 1510 1470 apo—

147 1479 346 1532 graphum
371 1480 600 1521 continetur

211 1552 309 1592 183.
346 1551 481 1592 codice
512 1551 759 1593 Leidenai
790 1551 1047 1592 Vossiano
1080 1550 1336 1591 Miscellaneo
1363 1549 1458 1590 XIX
1483 1552 1508 1588 4

147 1611 217 1652 fol.
238 1607 373 1666 24³¹),
398 1612 468 1664 qui
493 1624 559 1652 eas
583 1613 633 1651 ut
656 1611 860 1662 Anonymi
885 1611 1046 1662 quidem
1071 1610 1265 1662 epistulae
1290 1610 1511 1661 descripsit,

148 1671 218 1711 sed
253 1671 297 1711 in
333 1671 513 1724 margine
551 1670 778 1711 adnotavit:
814 1670 918 1710 Sunt
945 1671 1122 1710 Libana.
1159 1670 1383 1710 Postremae
1409 1669 1512 1709 duae

147 1732 194 1771 in
222 1733 319 1771 nuto
348 1727 393 1784 [i.
406 1744 439 1771 e.
460 1730 656 1771 vossiano
679 1726 755 1783 77]
787 1730 1079 1780 desiderantur,
1107 1729 1152 1770 id
1181 1729 1289 1781 quod
1320 1729 1369 1769 de
1399 1731 1511 1769 sexta

150 1785 232 1843 (ep.
248 1785 356 1845 620)
379 1803 524 1842 pamm
547 1792 656 1830 recte
680 1802 722 1830 ae
746 1789 879 1830 habet.
909 1789 1080 1841 Inspexi.

215 1861 310 1903 184.
342 1862 525 1902 Alterum
559 1861 834 1914 apographum
866 1862 1016 1901 factum
1043 1862 1104 1901 eat
1134 1874 1159 1901 a
1187 1859 1378 1901 Godoir.
1404 1858 1511 1900 Ole-

150 1921 273 1972 ario,
310 1921 415 1973 quod
451 1921 569 1962 hodie
607 1923 669 1961 est
712 1922 755 1960 in
794 1920 1086 1961 Havnieneis
1122 1920 1388 1960 bibliothecae
1424 1920 1512 1959 nni-

150 1981 354 2021 versitatis
385 1980 687 2022 Collectione
721 1980 1013 2021 Fabriciana
1046 1980 1125 2020 vol.
1146 1981 1204 2020 90
1237 1992 1346 2019 num.
1367 1972 1511 2033 3122),

215 2053 342 2093 1842.
369 2066 390 2092 e
416 2066 494 2104 quo
513 2053 644 2093 denuo
663 2052 714 2092 ab
733 2052 784 2092 H.
798 2051 1071 2093 S.B.eimaro
1098 2063 1133 2091 a.
1150 2052 1266 2092 1720
1290 2050 1511 2101 descriptus

152 2113 215 2152 est
237 2111 372 2162 codex,
396 2113 468 2164 qui
491 2112 607 2153 hodie
631 2113 675 2152 in
700 2111 837 2152 eadem
863 2111 1097 2151 collectione
1123 2113 1184 2150 est
1205 2112 1289 2150 142
1314 2124 1353 2161 p.
1369 2104 1511 2163 386⁸).

212 2170 290 2211 Sed
315 2171 379 2212 vel
403 2174 462 2212 κιο
486 2184 547 2223 ep.
563 2173 618 2212 18
644 2172 752 2223 fugit
769 2170 959 2211 Wolfium
984 2173 1026 2210 et
1049 2182 1075 2209 a
1097 2170 1262 2210 Blochio
1287 2169 1445 2210 demum
1469 2170 1510 2208 in

151 2230 353 2271 Muenteri
369 2230 715 2272 Miscellaneorum
736 2229 1016 2270 Hafnienaium
1036 2228 1158 2269 tom.1
1179 2228 1323 2269 saac.11
1337 2231 1363 2269 8
1382 2227 1511 2282 (Hav-

214 2333 250 2380 1)
273 2331 327 2369 Cf.
354 2334 381 2370 t.
396 2332 429 2369 11
446 2345 484 2380 p.
503 2336 549 2369 52
574 2335 669 2369 ιι.87
697 2334 735 2368 et
760 2343 795 2379 p.
810 2334 892 2368 227.

211 2386 250 2432 2)
273 2385 327 2423 Cf.
354 2397 468 2433 cupra
492 2398 529 2434 p.
548 2390 617 2422 162
641 2397 678 2422 ιι.
695 2388 762 2421 159
788 2387 826 2421 et
851 2386 880 2421 t.
896 2384 914 2420 1
932 2388 999 2420 281
1027 2396 1064 2423 ιι.
1078 2387 1134 2421 29.
1178 2384 1324 2421 Fabrie.
1344 2383 1439 2422 bibl.
1458 2396 1512 2432 gr.

153 2432 205 2469 IV
228 2445 267 2480 p.
279 2437 350 2471 204
374 2446 412 2471 ιι.
425 2437 504 2471 nn.

213 2488 250 2533 8)
275 2487 396 2534 Supra
419 2499 456 2535 p.
474 2490 520 2524 90
544 2490 643 2524 mm
667 2488 707 2523 et
731 2498 767 2533 p.
790 2490 859 2523 152
878 2498 914 2522 n.
931 2489 1010 2523 161.
