1872 2924
305 248 395 292 224
607 245 974 282 PROLEGOMENA
1003 245 1069 281 AD
1095 244 1355 291 EPISTULAS

304 335 511 389 γρηγόριος
530 335 715 389 βασιλείῳ
735 337 788 390 τῷ
807 333 960 390 μεγάλῳ
979 339 1064 382 πῶς
1081 331 1297 384 ἔπιφυλλὶς.
1326 333 1387 372 De
1407 333 1656 374 antecedenti

303 396 442 447 ecloga
465 395 545 435 vid.
571 406 692 445 supra
716 395 849 444 p.131
878 407 916 433 n.
940 395 1035 434 102.
1078 392 1248 444 Inspexi.

364 461 531 500 Prorsus
545 472 634 499 cum
646 459 720 499 hoc
734 458 858 499 Paris.
874 459 987 499 2075
1002 459 1045 497 in
1059 458 1197 509 ecloga
1210 457 1472 508 epistularum
1485 457 1659 497 concinit

367 525 463 565 367.
490 524 758 564 Vaticanus
784 523 1081 563 Barberinus
1104 523 1127 562 I
1154 524 1237 563 103
1266 519 1333 577 (cf.
1363 534 1483 573 supra
1513 535 1552 573 p.
1574 523 1658 563 135

305 598 342 623 n.
365 579 481 638 113).
518 583 690 635 Inspexi.

364 649 474 689 Idem
499 649 580 689 fere
605 648 861 689 statuendum
889 650 950 688 est
975 647 1022 687 de
1050 647 1183 687 codice

366 716 463 755 368.
496 715 820 754 Laurentiano
852 712 1056 752 LXXXVI
1088 707 1159 766 8¹)
1192 724 1243 751 sc.
1269 711 1355 761 XV,
1387 713 1458 762 qui
1481 712 1660 751 continet

306 775 347 813 in
379 775 610 814 collectione
641 773 705 826 τιβ
736 773 998 824 epistularum
1028 772 1183 811 Libanii
1210 771 1285 811 sub
1310 784 1347 809 n.
1367 767 1576 824 ρξα-ρογ’
1599 771 1659 811 in·

305 834 519 889 scriptione
534 835 668 884 privas
684 836 842 872 mutuas
852 832 976 872 1-6,
995 832 1033 870 8.
1050 834 1085 871 7.
1102 833 1170 872 22.
1187 831 1373 870 13—15.
1389 832 1455 870 23.
1475 831 1659 870 16-21.

310 896 375 934 10.
399 895 436 943 9,
461 893 604 944 quibus
624 894 794 943 postea
819 891 979 931 additae
1003 892 1098 930 sunt
1118 904 1179 941 ep.
1199 888 1296 930 561.
1317 890 1414 929 647.
1434 902 1573 929 comm.
1590 891 1658 941 12,

304 953 346 991 id
364 952 472 1003 quod
489 951 582 992 inde
601 952 872 1002 consequitur,
891 949 1000 1001 quod
1019 951 1146 1001 post9
1167 951 1341 990 insertae
1360 949 1550 1001 leguntur
1566 963 1659 1003 γρη·

305 1011 439 1066 γὸριος
457 1011 656 1064 βασιλείω·
687 1016 772 1059 πῶς
791 1007 998 1062 ἕπιφυλλὶς
1016 1012 1058 1049 et
1074 1009 1269 1062 βασίλειος
1286 1008 1483 1062 γρηγορίω
1503 1006 1578 1047 τινὶ
1591 1006 1658 1048 καὶ

305 1070 355 1111 οὐ
381 1076 433 1111 τῶ
459 1072 627 1124 μεγάλω·
662 1068 797 1122 ἐπειδή
823 1083 892 1122 μοι
914 1067 989 1120 τὴν
1013 1068 1178 1120 σιωπήν.
1215 1068 1385 1118 Inspexi.

366 1130 522 1170 Pariter
545 1142 608 1170 res
633 1142 675 1170 se
699 1129 822 1169 habet
844 1130 889 1169 in
913 1128 1046 1169 codice

368 1197 465 1235 369.
491 1195 782 1234 Taurinensi
805 1194 1150 1234 universitatis
1175 1192 1209 1231 B
1229 1191 1266 1230 V
1287 1186 1386 1246 33²)
1405 1204 1456 1231 sc.
1476 1190 1562 1241 XV,
1587 1192 1660 1242 qui

306 1256 375 1295 fol.
398 1257 419 1294 1
443 1267 528 1306 sqq.
561 1254 738 1295 continet
769 1253 928 1294 easdem
958 1255 1120 1292 mutuas
1143 1251 1368 1291 rubricatas
1392 1248 1661 1291 ἐπιστολαὶ

307 1313 584 1367 ἀμοιβαῖαι
609 1318 696 1354 τοῦ
722 1312 946 1366 μεγάλου
970 1311 1243 1364 βασιλείου
1267 1309 1394 1364 πρὸς
1418 1308 1661 1362 λιβάνιον

305 1372 391 1413 καὶ
428 1373 671 1427 λιβανίου
707 1371 833 1424 πρὸς
867 1371 1148 1425 βασίλειον.
1205 1370 1302 1409 Tres
1338 1369 1502 1409 ultimas
1538 1365 1660 1423 (501.

308 1435 409 1472 647.
436 1436 457 1472 1
467 1432 510 1486 2)
537 1445 620 1472 esse
647 1444 820 1472 annexas
844 1431 936 1471 inde
961 1432 1085 1482 patet,
1111 1428 1218 1481 quod
1242 1430 1293 1469 iis
1317 1431 1410 1480 post
1435 1430 1460 1468 9
1486 1428 1662 1468 succedit

308 1498 378 1532 τοῦ
409 1492 580 1545 μεγάλου
611 1491 810 1543 βασιλείου
835 1489 934 1545 πρός
958 1504 1046 1530 τινα
1069 1488 1283 1543 γρηγόριον
1307 1488 1448 1528 λάλλον
1473 1483 1569 1542 (sic)
1593 1485 1661 1528 καὶ

308 1552 544 1605 γλωσσώδη·
571 1549 763 1603 ἕπίδημος
787 1549 860 1602 τὴν
885 1548 1052 1601 σιωπήν.

369 1617 519 1657 Similis
544 1629 605 1656 res
631 1618 693 1656 est
715 1617 759 1655 in
783 1616 922 1667 ecloga
945 1616 1192 1664 mutuarum,
1222 1626 1343 1665 quam
1367 1614 1459 1664 post
1483 1612 1662 1665 eclogam

307 1676 623 1717 Libanianarum
649 1670 735 1731 (fol.
759 1671 1003 1728 93'—-112)
1030 1674 1190 1714 exhibet
1214 1672 1337 1713 codex

370 1743 466 1782 370.
494 1741 785 1781 Havniensis
818 1740 913 1780 bibl.
945 1739 1079 1791 regiae
1117 1740 1230 1779 1985
1240 1733 1276 1793 ³)
1310 1750 1363 1777 sc.
1382 1737 1457 1777 XV
1489 1733 1554 1790 (=
1574 1731 1661 1790 Ha)

310 1802 377 1840 fol.
403 1802 686 1841 112⁷—117'.
715 1800 890 1840 Primam
916 1795 985 1853 (3)
1009 1796 1252 1849 ἐπιστολὴ
1279 1796 1549 1850 βασιλείου
1573 1801 1662 1836 τοῦ

309 1860 532 1914 μεγάλου
564 1859 690 1912 πρὸς
714 1859 956 1911 λιβάνιον
979 1858 1214 1909 inscriptam
1238 1858 1457 1907 sequuntur
1479 1856 1607 1897 4—6.
1622 1856 1661 1895 8.

312 1921 349 1960 7.
376 1922 444 1959 22.
471 1922 628 1959 9-11.
650 1920 718 1960 13.
741 1920 807 1958 15.
829 1920 896 1958 23.
920 1919 1104 1958 16—21.
1142 1916 1336 1956 Ultimam
1357 1915 1562 1966 excipiunt
1579 1914 1663 1965 epi-

308 1979 440 2019 stulae
466 1979 682 2030 inscriptae
707 1975 978 2019 ἑπιστολαὶ
1001 1975 1172 2030 ἕτεραι
1196 1974 1440 2026 λιβανίου
1464 1979 1553 2014 τοῦ
1577 1984 1660 2013 σο·

309 2044 497 2089 φιστοῢ
527 2037 654 2091 πρός
684 2052 829 2086 τινας
853 2040 974 2088 atque
999 2036 1130 2076 inter
1155 2037 1224 2075 has
1249 2036 1342 2085 post
1368 2034 1480 2074 1155
1507 2035 1549 2073 et
1573 2033 1658 2072 366

309 2098 430 2138 tertio
455 2098 542 2138 loco
567 2097 744 2138 succedit
768 2110 828 2148 ep.
850 2098 933 2136 647
962 2095 1039 2136 etsi
1062 2107 1270 2147 perperam
1295 2106 1343 2133 ex
1361 2093 1533 2144 epistula
1551 2093 1661 2131 ante·

310 2157 466 2197 cedenti
489 2157 736 2197 collectionis
755 2155 1058 2207 Lacapenianae
1081 2154 1276 2204 inscripta
1298 2152 1474 2205 ἰόβιανῶ.
1501 2150 1662 2191 Exami—

309 2230 416 2256 navi.

370 2276 505 2315 Etiam
530 2278 670 2315 auctor
693 2276 865 2326 eclogae,
890 2286 1011 2325 quam
1035 2273 1203 2325 praebet
1227 2271 1350 2312 codex

373 2343 469 2381 371.
495 2341 783 2382 Oxoniensis
815 2339 1016 2391 collegii
1046 2337 1404 2378 bincolniensis
1431 2336 1485 2375 25
1511 2346 1563 2374 sc.
1588 2332 1664 2373 XV

374 2435 407 2474 1)
434 2431 555 2477 Supra
578 2442 615 2476 p.
638 2434 705 2466 129
730 2442 766 2466 n.
789 2433 867 2466 101.
1013 2432 1049 2474 2)
1073 2429 1194 2474 Supra
1218 2439 1254 2474 p.
1273 2430 1341 2463 158
1365 2437 1402 2462 n.
1423 2428 1502 2462 1¹18.

373 2482 408 2524 3)
433 2478 554 2525 Supra
576 2489 613 2524 p.
635 2480 703 2514 175
727 2489 765 2515 n.
785 2481 855 2514 200
879 2478 918 2513 et
942 2488 978 2523 p.
1000 2479 1068 2512 193
1093 2488 1130 2512 n.
1150 2478 1231 2511 280.

1862 2329 1872 2924 n——n———c——u-—fi——m-..sp
1866 2228 1872 2315 -.——,
1868 2182 1872 2220 .....
1867 2163 1872 2174 2
1867 2085 1872 2154 -..--
1866 1975 1872 2065 -n-—h-
1867 1945 1872 1967 n.
1867 1830 1872 1936 -.-..-
1866 1754 1872 1822 ,1-
1866 1679 1872 1737 *.-
1867 1574 1872 1669 ....——
1866 1410 1872 1566 -..-—-..-
1867 1313 1872 1394 -...—.-
1868 1293 1872 1302 -
