1872 2924
330 215 416 258 140
631 214 999 250 PROLEGOMENA
1023 211 1089 249 AD
1115 212 1374 249 EPISTULAS

328 304 421 343 olim
443 303 577 342 Petri
595 303 814 354 Philippi
833 298 1171 355 Pandolfini¹)‚
1196 303 1336 352 postea
1347 301 1681 342 'bibliothecae

327 363 594 412 Donianae,
619 364 685 403 fol.
710 364 927 402 81—119.
974 361 1181 411 Epistulae
1206 374 1286 400 non
1316 363 1410 400 sunt
1439 363 1681 402 numeratae.

327 422 481 462 Ultima
513 435 603 462 cum
633 423 701 461 fol.
725 423 830 460 119v
864 420 1011 459 desinit
1043 420 1086 458 in
1119 420 1241 460 verba
1271 419 1503 473 ἰσχνόμαχος
1534 418 1598 460 ἐπὶ
1627 426 1681 460 τῶ

329 477 386 534 (p.
408 482 508 531 247,
527 476 584 535 1).
622 481 737 520 Folia
763 481 970 531 sequentia
995 492 1122 519 vacua
1146 481 1240 518 sunt
1262 480 1414 519 relicta.
1451 480 1620 530 Inspexi.

386 541 435 580 In
454 554 515 591 ep.
529 536 593 592 νη’
607 535 671 592 (=
687 535 792 594 210)
818 539 965 578 desinit
989 539 1171 578 collectio
1194 539 1388 590 inscripta.
1411 538 1593 590 λιβανίου
1615 551 1684 578 σο·

327 606 472 651 φιστοῦ
496 599 707 651 ἐπιστολαί,
733 612 854 650 quam
878 598 1042 649 praebet

390 668 485 705 121.
500 665 762 704 Vaticanus
781 664 1035 703 Palatinus
1055 677 1113 715 gr.
1126 664 1209 703 209
1221 657 1255 717 ²)
1275 662 1410 702 s'c.xv
1430 663 1498 702 fol.
1518 663 1680 703 104*—

331 726 426 765 129.
476 724 630 763 Ultima
659 724 805 763 desinit
833 724 876 761 in
907 723 1030 762 verba
1058 728 1173 762 τοῦτο
1206 722 1339 774 μεῖζον
1376 716 1431 774 (Χ
1465 723 1568 772 193,
1596 717 1684 775 10).

327 784 422 823 Alia
446 795 540 822 vero
565 796 689 822 manu
713 783 755 821 in
785 783 853 822 fol.
876 783 958 821 131
988 784 1150 821 exarata
1175 785 1235 821 est
1260 794 1319 831 ep.
1342 782 1445 830 215,
1477 794 1579 832 quae
1603 793 1683 820 non

327 844 407 882 fuit
425 854 518 893 pars
537 842 783 883 collectionis
802 842 1117 891 Lacapenianae.
1153 841 1403 880 Bormannus
1423 853 1576 892 egoque
1595 853 1685 880 exa-

328 902 580 942 minavimus.

387 961 434 1000 In
458 974 518 1012 ep.
538 957 604 1001 λθ’
624 956 688 1014 (=
710 955 814 1014 119)
841 959 987 998 desinit
1012 959 1203 1007 collectio,
1227 972 1349 1009 quam
1372 958 1539 1010 praebet
1563 958 1684 998 codex

390 1028 485 1066 122.
505 1026 801 1065 Harleianus
824 1025 936 1065 5735
958 1037 1007 1064 sc.
1029 1023 1134 1063 XVI.
1173 1023 1232 1064 cf.
1259 1036 1379 1074 supra
1397 1037 1435 1074 p.
1461 1025 1541 1063 107
1561 1037 1600 1062 n.
1616 1025 1683 1063 72.

388 1085 572 1136 Quinque
597 1086 746 1136 primas
773 1084 964 1135 epistulas
990 1084 1234 1123 collectionis
1259 1084 1437 1122 continet
1461 1083 1581 1122 codex

392 1158 488 1196 123.
509 1157 868 1196 Escurialensis
889 1155 1117 1194 T—II-15
1138 1167 1187 1194 sc.
1203 1150 1341 1207 XV1³)
1361 1155 1428 1195 fol.
1446 1155 1542 1194 110.
1575 1153 1687 1200 Quae

330 1229 424 1256 vero
451 1218 669 1266 sequuntur
693 1216 759 1255 fol.
783 1216 1006 1254 112-130
1032 1214 1226 1264 epistulae
1255 1215 1327 1263 70,
1358 1214 1406 1253 de
1430 1214 1493 1253 his
1517 1213 1686 1252 disserui

330 1288 453 1326 supra
477 1289 514 1326 p.
537 1276 590 1315 85
618 1289 711 1314 num
746 1275 812 1314 36.

392 1334 576 1385 Denique
602 1334 722 1374 codex

258 1415 329 1446 549
394 1407 489 1444 124.
504 1406 763 1445 Vaticanus
783 1419 841 1456 gr.
858 1405 985 1454 2291,
1008 1405 1127 1443 antea
1149 1403 1318 1453 2160A‚
1337 1415 1476 1443 revera
1496 1399 1686 1441 chisia-

331 1478 418 1504 nus
437 1465 473 1503 R
486 1465 584 1503 VIII
599 1466 668 1514 59,
693 1466 740 1503 ut
762 1466 930 1515 apparet
949 1476 968 1502 e
988 1465 1086 1502 nota
1106 1476 1128 1501 a
1147 1463 1340 1512 scriptore
1359 1462 1452 1502 bibl.
1467 1461 1689 1500 Vaticanae

332 1526 373 1563 et
390 1524 690 1563 bibliothecario
712 1523 922 1563 Chisianae
940 1523 1016 1562 Ios.
1030 1522 1213 1574 Ougnoni
1230 1522 1439 1572 inscripta:
1463 1520 1591 1561 Codex
1604 1522 1687 1560 iam

334 1584 548 1624 chisianus
571 1585 630 1622 uti
654 1584 869 1623 clarissime
887 1583 1053 1631 adparet
1076 1594 1121 1621 ea:
1139 1581 1360 1620 Alexandri
1382 1581 1473 1619 VII
1491 1583 1690 1619 stemmate

331 1645 375 1682 in
400 1644 506 1682 theca
530 1644 717 1692 impresso
743 1645 778 1682 et
801 1654 846 1682 ex
869 1641 1086 1690 Siynatura
1110 1641 1159 1680 R.
1182 1641 1303 1680 VIII.
1327 1640 1400 1686 59,
1427 1652 1506 1689 qua
1529 1641 1690 1678 notatur

331 1704 376 1742 in
410 1702 594 1751 Gataloyo
625 1702 729 1741 Bibl.
759 1701 979 1742 chisianae.
1022 1701 1287 1749 Hierowymus
1311 1698 1496 1739 Amatius
1524 1700 1692 1747 scriptor

331 1762 438 1801 Bibl.
465 1762 549 1801 Vat.
576 1764 611 1801 et
634 1761 739 1800 Bibl.
763 1760 974 1800 Ghisz'anae
1000 1759 1137 1800 Custos
1162 1759 1292 1807 (cuius
1319 1770 1459 1798 nomen
1483 1759 1622 1807 lcyitur
1643 1759 1688 1796 in

331 1822 426 1870 folio
444 1821 697 1870 praecedente
714 1832 809 1869 paq.
826 1819 871 1869 1)
897 1820 990 1858 dum
1009 1821 1107 1868 forte
1131 1819 1234 1858 hune
1261 1817 1436 1858 codicem
1458 1817 1688 1857 Oltisianum

332 1892 421 1919 cum
452 1881 583 1929 aliaue
616 1880 804 1919 Vaticano
835 1879 1054 1928 conferebat
1084 1877 1140 1926 (et
1171 1877 1224 1917 ad
1256 1878 1326 1917 hoc
1359 1890 1378 1917 e
1410 1876 1601 1916 Chisiana
1633 1876 1688 1914 ad

341 1940 571 1979 Vaticanam
603 1939 883 1978 Bibliothecam
913 1936 1129 1986 transtuh‘t)
1159 1939 1279 1977 morte
1306 1936 1514 1986 perculsus
1543 1937 1588 1975 in
1615 1946 1687 1974 suo

331 2000 476 2038 scrinio
504 1999 692 2038 Vaticano
716 1999 882 2046 reliquit.
919 1997 986 2036 Ex
1011 2008 1084 2045 quo
1108 1998 1256 2044 factum
1281 1998 1336 2035 est
1357 1998 1403 2034 ut
1429 1995 1556 2035 Codex
1581 1994 1687 2033 Vati-

333 2070 456 2097 canus
480 2058 733 2103 iudicaretur,
758 2057 881 2096 chart.
903 2057 1053 2095 formae
1078 2056 1168 2094 folii
1192 2068 1243 2095 sc.
1262 2054 1336 2093 XV
1361 2055 1538 2094 continet
1562 2053 1691 2094 f01.1²

337 2116 529 2167 epistulas
547 2120 628 2156 tres
641 2117 791 2167 primas
804 2116 1048 2155 collectionis
1066 2114 1278 2164 inscriptas
1297 2113 1477 2166 λιβανίου
1497 2117 1689 2162 σοφιστοῦ

333 2174 547 2215 ἐπιστολαὶ·
574 2189 633 2226 ep.
657 2179 692 2215 1.
715 2177 798 2214 617
826 2176 866 2214 et
884 2175 951 2214 fol.
976 2176 1021 2213 lv
1047 2187 1107 2224 ep.
1127 2175 1226 2212 499.
1251 2173 1421 2223 Reliqua
1439 2185 1532 2223 pars
1551 2172 1620 2211 fol.
1641 2172 1690 2209 1v

334 2248 461 2275 vacua
496 2236 636 2274 relicta
673 2236 743 2274 est.
799 2235 882 2274 Fol.
910 2236 954 2273 2¹
994 2233 1138 2283 incipit
1178 2231 1292 2285 γένος
1322 2229 1574 2282 σοφοκλέους.
1620 2229 1688 2269 Se·

395 2349 430 2394 1)
455 2347 510 2384 cf.
526 2347 647 2384 Relat.
665 2348 780 2384 Acad.
795 2347 915 2384 Berol.
933 2351 1036 2391 1885,
1056 2350 1125 2382 900
1132 2358 1186 2391 sq.
1207 2350 1246 2382 et
1258 2345 1465 2390 Vitellium,
1486 2343 1591 2380 Stud.
1605 2342 1687 2378 ital.

333 2395 374 2431 di
399 2395 485 2432 filol.
507 2395 614 2431 class.
634 2396 667 2430 11
687 2399 766 2431 530.

395 2445 431 2489 2)
457 2442 510 2479 cf.
537 2445 563 2478 t.
584 2443 688 2478 1370
713 2454 737 2478 n
770 2446 827 2478 so.
1043 2442 1081 2487 3)
1107 2439 1162 2477 Cf.
1186 2440 1262 2476 ev
1282 2444 1302 2476 ‘1
1327 2443 1461 2477 mle-1.
