1872 2924
185 192 365 230 mmm]
391 192 474 237 QUI
500 191 770 229 FERUNTUR
792 190 1147 229 CHARACTERES
1172 192 1434 230 EPISTOLICI
1472 193 1526 236 21

163 284 329 332 tinetur,
346 281 606 333 paraphrasis
624 282 755 321 instar
772 281 903 321 libelli
921 282 1095 333 vestigia
1107 283 1300 333 sequitur,
1319 282 1389 322 sed
1401 296 1530 322 exem·

163 342 233 393 pla
262 341 550 393 praetermittit
581 342 719 392 itaque
750 343 792 380 in
817 343 1031 392 praecepto
1056 340 1245 394 χρηστέον
1270 339 1312 382 δὲ
1336 340 1404 382 καὶ
1429 342 1529 382 ἵστο-

163 401 267 454 ρίαις
297 399 365 442 καὶ
397 399 692 454 μνημονευτέον
726 400 874 452 μύθων
906 400 974 441 καὶ
1004 404 1185 441 παλαιῶν
1215 402 1531 455 συγγραμμάτων

163 459 232 502 καὶ
255 466 483 514 παροιμιῶν
508 458 703 513 εὐστόχουν
729 456 794 515 (==
808 474 846 512 p.
862 462 931 512 35,
946 456 994 515 5)
1019 461 1176 501 desinit.
1213 461 1274 501 De
1299 474 1379 512 quo
1403 462 1529 513 pluri·

162 521 236 561 bue
261 520 450 561 disseruit
475 520 725 560 Weichertue
750 534 788 571 p.
810 519 940 560 LXIV
954 532 1011 571 sq.

224 594 292 632 54.
319 592 383 631 Ab
414 593 489 631 hoc
513 591 685 642 pendere
711 592 872 631 videt-ur
895 592 1039 632 tertius
1064 594 1276 642 tractatus,
1297 594 1366 643 qui
1391 594 1515 633 conti·
1530 602 1600 634 463

161 655 280 692 netur
305 651 438 691 codice
464 651 705 691 Vaticano
731 665 789 703 gr.
819 653 933 692 1405
961 652 1086 692 chart.
1113 665 1146 692 a
1177 653 1290 692 1493
1317 651 1479 692 Patavii
1504 666 1529 692 a

163 711 348 763 Scipione
380 710 687 751 Carteromacho
719 714 883 752 exarato
914 713 1174 762 inscriptione
1206 713 1356 763 privus,
1386 713 1454 752 aed
1485 714 1528 751 in

162 771 239 810 fine
265 771 446 822 exempla
471 770 637 811 addidit.
676 771 737 811 De
763 784 842 822 quo
869 772 917 811 cf.
938 771 1210 811 Weichertum
1236 785 1273 823 p.
1292 771 1455 811 LXVII.

223 845 291 884 55.
323 843 482 882 Tertius
508 845 570 882 est
593 843 955 884 Laurentianus
986 844 1202 895 Acquist.
1239 844 1295 883 39
1328 856 1380 884 sc.
1406 843 1598 894 xvl,4⁶4

161 903 211 942 de
237 915 318 954 quo
344 903 391 943 cf.
418 902 505 942 Nic.
533 902 713 952 Festum,
739 902 853 942 Stud.
875 903 964 943 Ital.
991 903 1034 942 di
1057 903 1152 944 filol.
1174 903 1288 943 class.
1308 903 1346 941 V
1374 905 1525 955 19'Isq.

162 965 204 1003 et
226 961 553 1013 Przychockium,
581 962 691 1002 Stud.
716 962 886 1003 Vindob.
906 962 1079 1002 XXXIII
1101 964 1198 1003 259.

222 1081 255 1120 E
289 1094 454 1121 numero
491 1082 665 1121 maximo
704 1082 904 1132 codicum,
938 1083 1008 1134 qui
1041 1082 1225 1122 libellum
1256 1082 1370 1122 nobis
1402 1083 1527 1121 tradi·

162 1141 320 1191 derunt,
346 1143 563 1192 quaternos
589 1142 799 1193 utriusque
825 1142 965 1182 classis
991 1143 1036 1181 ut
1061 1141 1235 1193 optimos
1261 1141 1381 1182 duces
1406 1143 1525 1194 elegi-

161 1213 261 1240 mus.
292 1200 504 1240 Rationem
531 1203 663 1240 autem
691 1214 793 1252 quae
819 1202 926 1241 inter
948 1202 1021 1242 hos
1047 1200 1260 1242 intercedit
1283 1215 1363 1242 uno
1383 1202 1525 1241 obtutu

160 1262 356 1311 percipies
383 1262 592 1300 stemmate
619 1262 723 1311 quod
751 1263 943 1312 sequitur.

219 2015 478 2065 Testimonia,
509 2017 545 2055 ai
569 2016 711 2054 missos
736 2016 835 2055 facis
861 2018 1060 2056 tractatus
1084 2029 1254 2067 quorum
1279 2018 1520 2058 mentionem

161 2087 286 2125 supra
308 2088 334 2124 p
364 2076 420 2114 20
445 2075 540 2124 feci,
565 2087 645 2114 non
670 2077 767 2114 sunt
791 2075 867 2114 nisi
893 2075 972 2115 duo
997 2076 1076 2115 loci
1100 2077 1140 2114 in
1167 2075 1275 2133 τόπῳ
1292 2080 1415 2134 κοινῷ
1430 2076 1521 2128 περὶ

161 2134 290 2184 φίλων
313 2132 381 2174 καὶ
406 2134 670 2185 φιλαδελφίας
694 2136 887 2174 sermonis
910 2135 965 2174 VI
985 2134 1180 2174 Maximi
1197 2135 1520 2186 Confessoris‚

161 2194 209 2233 de
234 2193 382 2244 quibus
407 2205 528 2243 snpra
552 2207 588 2245 p.
612 2196 636 2233 2
664 2196 739 2246 egi.

222 2301 289 2340 56.
316 2300 484 2340 Editio
510 2302 737 2352 princepe
763 2301 927 2341 libelli
951 2314 976 2340 a
1002 2302 1203 2342 Pontico
1223 2302 1429 2341 Virunio
1454 2315 1518 2342 cu-

159 2361 251 2398 rata
275 2372 309 2398 a.
334 2362 444 2400 1501
474 2360 615 2412 Rhegii
634 2360 989 2411 Langobardorum
1015 2361 1176 2411 prodiit.
1208 2361 1269 2401 De
1290 2374 1371 2412 qua
1389 2361 1519 2401 editor

159 2420 202 2457 in
233 2419 483 2469 praefatione
514 2419 612 2459 haec
643 2421 834 2471 prot-ulit:
866 2421 1049 2460 Ponticus
1082 2421 1274 2460 Virum'us
1298 2422 1518 2461 litterarum
