1872 2924
322 222 410 265 160
623 223 990 261 PROLEGOMENA
1013 226 1080 261 AD
1105 226 1365 262 EPISTULAS

316 310 502 362 λιβανίου
530 318 721 362 σοφιστοῦ
751 311 817 353 καὶ
841 312 1018 366 ῥήτορος.
1062 314 1271 366 Epistulae
1301 308 1526 355 rubricatae
1551 313 1672 356 oe—l'

317 373 430 409 sunt:
460 373 495 410 1.
525 373 650 411 1041.
679 373 776 411 711.
802 374 899 412 313.
932 374 1055 413 1033.
1088 375 1185 413 936.
1219 375 1287 413 24.
1319 376 1417 414 304.
1450 375 1547 414 953.
1575 377 1671 416 131.

321 430 420 469 880.
449 430 574 469 1035.
608 432 705 471 830.
734 433 860 471 1288.
892 434 999 479 601,·
1035 445 1174 473 comm.
1200 447 1260 485 ep.
1282 435 1361 481 15;
1393 435 1495 484 1363
1532 447 1671 475 comm.

318 501 381 539 ep.
404 490 452 536 7,·
482 491 581 528 442.
616 492 741 530 1228.
777 492 901 531 1052.
935 493 1032 531 388.
1062 494 1187 532 1173.
1215 494 1312 532 487.
1345 495 1441 533 384.
1475 495 1573 533 489.
1603 495 1671 534 89.

323 549 451 587 1039.
485 550 609 588 1419.
644 550 769 588 1064.
807 550 1014 601 Epistulae
1046 551 1197 591 collect.
1229 552 1374 603 Lacap.
1405 552 1551 592 litteris
1582 565 1671 592 cnr-

318 607 416 646 sivis
439 608 656 659 insignitae
681 612 785 648 sunt.
816 610 967 649 Ultima
991 610 1138 650 desinit
1161 611 1230 650 fol.
1252 614 1335 665 10³,
1353 611 1464 650 cuius
1482 612 1671 662 pleraque

312 678 412 717 pars
443 679 571 707 vacua
595 668 737 708 relicta
761 670 830 708 est.
863 669 1014 721 Ecloga
1038 683 1060 709 e
1084 683 1167 720 qua
1189 671 1305 710 fluxit
1335 670 1488 721 aliquid
1514 671 1672 722 quidem

319 726 620 766 necessitudinis
644 727 786 767 habuit
810 741 902 767 cum
921 729 1211 780 Laoapeniana,
1235 730 1278 768 in
1303 743 1384 781 qua
1407 743 1469 781 ep.
1488 727 1535 778 ιζ’
1553 732 1595 771 et
1619 727 1672 781 ιη’

317 786 561 825 conveniunt
584 798 672 825 cum
698 787 818 827 huius
842 789 1023 838 epistulis
1048 786 1086 840 β’
1108 791 1149 828 et
1172 786 1219 842 γ’,
1244 788 1313 829 sed
1340 789 1414 828 hac
1437 790 1566 830 multo
1591 803 1673 830 am-

318 844 425 895 plior
447 845 536 888 fuit.
569 845 643 885 Est
667 846 789 885 codex
815 849 869 886 13
893 847 1058 886 armarii
1076 847 1113 886 V
1138 848 1245 899 apud
1269 848 1578 900 Rostgaardum-‚
1602 849 1672 900 qui

317 916 447 954 pauca
472 918 518 943 ex
543 917 589 945 eo
615 906 806 956 enotavit,
833 906 1105 947 Marcianus
1130 909 1309 948 tertius
1335 907 1443 959 apud
1467 908 1669 947 Wolfium.

316 962 490 1013 Inspexi.

379 1022 456 1062 Sed
469 1022 644 1062 nondum
657 1023 811 1064 codices
825 1026 1004 1064 familiae
1014 1026 1037 1064 b
1050 1026 1274 1076 relinquere
1286 1038 1505 1077 possumus
1526 1026 1671 1078 Super-

313 1084 380 1121 est
404 1082 511 1122 enim
534 1095 660 1134 genus
685 1083 864 1123 codicum
883 1085 1159 1124 mixtorum
1184 1098 1206 1125 e
1230 1085 1396 1126 diversis
1420 1085 1539 1125 huius
1557 1085 1672 1125 fami—

314 1141 396 1180 liae
419 1142 719 1194 propaginibus.

359 1244 390 1300 §
409 1241 447 1289 7.
482 1245 544 1290 De
569 1244 790 1290 codicibus
814 1247 1085 1292 recensionis
1112 1261 1136 1292 e
1161 1247 1348 1292 diversis
1374 1247 1571 1305 syllegae
1596 1251 1626 1292 b

738 1318 1055 1376 propaginibus
1080 1318 1256 1363 mixtae.

378 1402 438 1442 Ac
456 1403 566 1455 prius
585 1404 748 1455 quidem
771 1405 1053 1456 proferendum
1079 1407 1141 1445 est
1164 1418 1290 1458 genus
1310 1406 1501 1456 codicum,
1524 1406 1595 1457 qui
1613 1418 1673 1445 re·

315 1463 542 1503 censionem
565 1463 759 1515 praebent
783 1465 951 1504 mixtam
979 1478 1000 1505 e
1030 1465 1069 1504 V
1089 1467 1130 1504 et
1155 1465 1289 1505 codice
1313 1478 1372 1512 m,
1403 1466 1472 1516 qui
1504 1464 1554 1504 ad
1584 1477 1675 1516 pro-

315 1522 502 1573 paginem
529 1534 548 1562 e
572 1523 686 1564 redit.

377 1582 486 1621 Talis
517 1583 597 1622 fuit
620 1582 759 1632 codex,
792 1597 812 1622 e
837 1597 915 1634 quo
940 1586 1206 1623 manaverunt
1229 1583 1463 1624 Dresdensis
1489 1585 1529 1622 et
1555 1582 1674 1623 Gasa-

316 1641 506 1681 natensis.

244 1703 314 1735 579
379 1702 476 1740 179.
509 1700 797 1742 Dresdensis
827 1702 864 1740 D
887 1703 911 1741 9
938 1697 1004 1755 (=-
1023 1697 1081 1756 D)
1113 1703 1236 1742 chart.
1262 1703 1413 1742 formae
1440 1702 1547 1751 folii,
1577 1702 1673 1741 olim

316 1759 639 1800 Bononiensis
669 1762 771 1800 teste
798 1760 1057 1812 inscriptione
1081 1762 1171 1801 folii
1191 1761 1377 1812 praefixi:
1401 1761 1539 1801 Studio
1565 1760 1672 1801 Glar.

324 1819 411 1858 Vir-13
427 1819 624 1860 Gabrielis
636 1821 836 1860 Brundlii
850 1821 1036 1861 Bononia
1055 1823 1201 1871 accepit
1218 1825 1254 1861 et
1270 1821 1516 1861 bibliothecae
1526 1820 1674 1870 Regiae

312 1879 482 1918 inseruit
504 1880 630 1920 Hem.
648 1880 848 1919 Ionathan
874 1880 1045 1920 Clodius.
1086 1883 1143 1920 17
1147 1881 1214 1926 58,
1245 1892 1297 1920 sc.
1319 1880 1393 1919 XV
1425 1893 1449 1919 a
1478 1879 1672 1919 Michaele

312 1938 509 1988 Apostole
525 1938 689 1989 pulchre
702 1941 888 1979 exaratus
907 1942 1009 1979 teste
1028 1940 1286 1990 inscriptione
1305 1939 1373 1980 fol.
1388 1939 1464 1978 64*
1482 1940 1669 1990 μιχαῆλος

314 1995 576 2050 ἀποστολίδης
606 1997 823 2049 βυζᾶντιος.
874 1996 967 2050 μετὰ
998 1997 1070 2050 τὴν
1094 2004 1165 2038 τοῦ
1195 1998 1407 2050 βυζαντίου
1432 2003 1501 2050 τῆς
1526 1996 1671 2038 ἑαυτοῦ

313 2056 504 2109 πατρίδος
529 2056 688 2108 ἅλωσιν,
712 2055 779 2097 καὶ
803 2055 917 2098 τὰσδε
936 2056 1006 2105 τὰς
1029 2056 1234 2106 ἐπιστολὰς
1259 2056 1441 2110 λιβανίου
1459 2062 1530 2097 τοῦ
1553 2068 1670 2108 σοφι-

312 2120 430 2167 στοῦ,
461 2116 578 2156 πενία
595 2117 724 2163 συζῶν
743 2115 903 2170 ἐσχάτη,
933 2115 1147 2170 ἐξέγραψεν
1155 2113 1204 2171 ¹),
1228 2117 1407 2157 continet
1437 2117 1504 2156 fol.
1524 2117 1669 2156 1—64

314 2175 492 2227 eclogam
519 2172 597 2215 σνε’
623 2176 884 2226 epistularum
912 2176 1153 2216 rubricatam
1179 2177 1362 2229 λιβανίου
1387 2181 1579 2227 σοφιστοῦ
1603 2173 1670 2214 καὶ

312 2232 524 2287 κυέστορος
555 2232 770 2288 ἐπιστολαί,
802 2249 972 2286 quarum
1005 2238 1066 2275 est
1094 2235 1225 2286 prima
1249 2249 1310 2286 ep.
1332 2238 1370 2284 1,
1401 2234 1574 2275 secunda
1600 2235 1671 2283 80,

311 2293 461 2333 ultima
493 2296 561 2334 81.
604 2294 737 2333 Media
767 2295 872 2334 inter
903 2307 970 2335 eas
999 2308 1163 2334 numero
1195 2291 1254 2334 o'n'
1285 2296 1445 2347 signata.
1473 2293 1671 2344 reperitur

312 2350 566 2405 ἀρισταινέτω
591 2351 612 2392 ὁ
639 2351 681 2393 δὲ
705 2360 855 2407 παρνᾶς
879 2353 933 2394 ἔτι
959 2352 1099 2406 μέλλει,
1124 2366 1226 2404 quae
1246 2367 1291 2393 ex
1311 2354 1397 2393 eius
1416 2353 1584 2406 gemello
1604 2365 1669 2392 co-

376 2456 411 2500 1)
436 2455 495 2491 Fr.
517 2455 643 2492 Zamb.
664 2459 721 2491 87.
