1872 2924
404 228 424 268 ς
447 227 502 260 ιο.
541 222 605 260 nn
631 213 943 260 nomoms‘us
967 222 1314 261 EPISTULARUM
1453 225 1538 269 241

176 314 236 354 120
253 313 489 366 significavi.
521 311 606 352 Has
625 323 720 352 vero
738 313 889 351 iterata
906 312 1079 353 lectione
1097 314 1141 353 in
1160 312 1537 365 Supplementorum

174 373 312 414 libello
330 368 397 426 (—
409 368 554 422 Suppl)
573 371 637 411 vel
657 372 771 411 auxit
789 372 853 412 vel
872 373 1054 412 correxit.
1089 371 1167 413 Sed
1181 375 1304 413 etiam
1321 374 1398 413 vim
1414 387 1536 425 quam

175 432 370 484 epistulae
395 431 446 472 ad
471 432 633 484 genium
658 432 807 471 saeculi
834 432 969 483 quarti
991 445 1029 483 p.
1052 431 1141 472 Chr.
1161 446 1199 472 n.
1219 434 1535 485 cognoscendum

173 493 323 532 babent
346 491 468 543 probe
492 491 704 542 perspexit.
740 491 885 542 Itaque
910 504 990 532 non
1015 492 1164 541 solum,
1198 505 1300 544 quae
1331 493 1535 533 volumine

175 552 232 592 ad
256 553 405 591 vitam
425 550 620 590 Libanii
638 554 907 602 apparatus
925 550 1120 602 inscripto
1140 554 1395 593 continentur
1414 548 1533 607 (0011.

174 625 264 652 nov.
289 611 384 663 Reg.
413 610 460 650 N.
491 605 613 658 106),
643 609 714 651 sed
744 610 868 650 etiam
898 612 1298 663 prosopograpbiam‘
1318 626 1456 653 eorum
1483 613 1534 652 ad

173 683 273 722 quos
304 670 502 721 epistulae
532 671 689 720 extant,
720 670 876 710 duobus
905 671 1177 712 voluminibus
1209 667 1363 726 (A-G.
1395 670 1534 725 H—z)

173 730 495 781 comprehensam
520 727 640 782 (0011.
659 742 751 770 nov.
770 730 866 782 Reg.
887 730 936 770 N.
959 726 1064 785 107)
1094 732 1340 782 conscripsit.
1378 732 1426 772 In
1456 733 1533 772 fine

172 790 313 831 indicis
338 789 580 841 alphabetici
598 789 767 841 legitur:
793 791 942 829 absolvi
966 790 1198 840 admirante
1214 792 1285 831 deo
1303 792 1341 832 d.
1360 793 1421 832 22
1438 793 1533 832 Dm.

174 851 300 889 1757.
327 849 510 900 Denique
527 850 649 889 etiam
670 849 892 890 versionem
910 849 1078 890 latinam
1099 851 1362 902 epistularum
1380 853 1534 902 pariter

170 911 400 949 accuratam
419 911 540 959 atque
558 909 782 961 elegantem
801 909 982 950 confecit.
1010 909 1151 960 Spatio
1169 911 1387 951 multorum
1407 924 1532 951 anno-

169 982 258 1008 rum
276 970 487 1009 interiecto
506 968 760 1008 collationem
780 981 868 1008 cum
890 969 1023 1009 codice
1048 969 1420 1011 Wolfenbnttelano
1436 972 1533 1011 fecit

169 1028 284 1069 cuius
308 1030 351 1068 in
375 1028 453 1067 fine
477 1028 644 1080 legitur:
668 1028 833 1068 Absolm‘
857 1029 894 1069 d.
918 1030 984 1068 12.
1002 1029 1113 1079 Maji
1139 1025 1310 1083 17731).

229 1088 455 1127 Permultae
481 1087 778 1129 emendationes
804 1101 884 1128 non
903 1088 1021 1129 modo
1039 1089 1172 1138 huius,
1198 1089 1267 1130 sed
1285 1090 1407 1130 etiam
1427 1091 1532 1141 opti-

167 1161 323 1188 morum
348 1147 527 1187 codicum
552 1148 792 1189 lectionibus
817 1148 1075 1188 confirmatae
1100 1151 1211 1199 sunt,
1235 1151 1277 1189 et
1300 1150 1441 1201 ingens
1467 1153 1531 1190 est

167 1219 358 1247 numerus
377 1220 514 1247 earum
533 1219 638 1258 quae
658 1207 720 1248 his
741 1207 994 1249 obstantibus
1012 1208 1054 1247 in
1073 1211 1189 1248 textu
1201 1209 1451 1260 reponendae
1464 1210 1530 1249 vel

166 1268 209 1306 in
242 1269 443 1318 apparatu
472 1267 841 1308 commemorandae
871 1270 1003 1318 erant,
1034 1268 1184 1319 quippe
1210 1281 1316 1320 quae
1342 1270 1452 1309 viam
1477 1270 1529 1309 ad

169 1326 459 1367 emendandum
489 1326 713 1366 indicarent
739 1327 803 1366 vel
828 1327 971 1368 saltem
996 1328 1264 1379 corruptelam
1289 1328 1526 1369 stabilirent.

166 1385 391 1427 Dolendnm
425 1387 487 1425 est
512 1386 620 1436 quod
645 1386 808 1426 defuere
841 1399 1085 1428 successores
1113 1399 1204 1427 cum
1233 1388 1304 1428 alii
1334 1390 1422 1428 tum
1457 1390 1527 1439 qui

165 1446 308 1486 ceteris
339 1445 500 1484 Libanii
529 1445 716 1497 operibus
747 1458 863 1497 opem
894 1447 1022 1486 tulere
1054 1446 1279 1488 Fridericus
1309 1447 1526 1498 Iacobsius,

166 1505 332 1545 Carolus
361 1504 549 1557 Sintenis,
579 1505 787 1557 Augustus
813 1505 965 1555 Gasda,
1000 1505 1116 1546 Car-el
1147 1505 1310 1547 Gabriel
1342 1506 1526 1548 Cobetus.

226 1566 324 1605 438.
344 1565 508 1604 Praeter
526 1563 568 1604 Ο.
590 1565 652 1605 Fr.
673 1564 1011 1615 Matthaeium‚
1030 1567 1102 1617 qui
1119 1566 1327 1607 collationi
1345 1567 1525 1608 codicum

166 1625 462 1675 Mosquensium
482 1624 534 1663 ad
545 1624 773 1665 Iacobsium
791 1626 937 1666 missae
945 1620 981 1678 ²)
999 1626 1213 1667 nonnullas
1227 1627 1524 1667 emendationes

165 1684 323 1734 adiecit,
343 1696 448 1724 unus

224 1744 322 1783 439.
354 1743 642 1783 Franciscus
672 1744 1025 1785 Boissonadius
1061 1757 1226 1796 operam
1255 1758 1369 1785 suam
1400 1746 1522 1786 etiam

162 1803 346 1855 epistulis
371 1803 549 1843 navavit.
586 1803 626 1845 Is
651 1805 759 1844 enim
783 1804 938 1844 codices
957 1817 1126 1856 quorum
1151 1805 1190 1845 ei
1207 1806 1325 1856 copia
1343 1807 1430 1845 erat
1448 1805 1523 1845 Pa·

161 1863 305 1903 risinos
329 1864 457 1904 1000.
484 1864 614 1904 3002.
639 1864 754 1904 3035
775 1864 949 1904 contulit
966 1865 1259 1915 nonnullosque
1277 1865 1386 1906 locos
1405 1878 1452 1905 ex
1470 1866 1521 1904 iis

160 1923 345 1963 correxit.
377 1922 455 1962 Sed
479 1922 523 1962 hi
540 1924 657 1962 erant
674 1926 865 1973 recentes,
886 1936 1014 1974 neque
1033 1926 1149 1964 notas
1168 1924 1327 1965 criticas
1345 1924 1520 1977 collegit,

159 1981 230 2020 sed
260 1995 333 2033 per
362 1981 642 2023 adnotationes
673 1994 763 2022 cum
788 1982 960 2022 aliarum
984 1983 1206 2023 editionum
1230 1986 1315 2023 tum
1341 1984 1520 2024 Anecdo·

159 2043 292 2080 torum
317 2040 517 2093 dispersas
541 2042 716 2092 reliquit,
740 2055 868 2093 neque
887 2042 1116 2094 quicquam,
1141 2043 1247 2094 quod
1266 2043 1317 2083 ad
1336 2044 1457 2083 crisin
1474 2045 1518 2083 in

160 2100 345 2151 epistulis
368 2101 634 2141 factitandum
659 2102 888 2153 pertineret,
905 2102 1085 2153 protulit.

219 2160 336 2199 Nova
363 2159 491 2212 igitur
520 2160 693 2201 editione
723 2173 823 2212 opus
853 2174 939 2203 esse
969 2174 1062 2201 cum
1092 2164 1257 2214 propter
1283 2162 1516 2213 scriptorem

158 2218 290 2269 ipsum
320 2220 408 2259 tum
438 2222 603 2271 propter
633 2233 700 2261 eos
731 2220 783 2261 ad
807 2233 910 2272 quos
935 2221 1128 2272 epistulas
1152 2221 1265 2261 dedit
1288 2223 1331 2262 et
1353 2224 1518 2273 propter

158 2290 222 2318 res
253 2290 355 2329 quas
385 2278 467 2320 illis
498 2280 690 2320 tractavit
717 2280 783 2320 vel
805 2280 944 2333 tetigit
966 2293 1047 2321 non
1071 2281 1179 2333 fugit
1201 2281 1309 2323 viros
1334 2280 1387 2320 ad
1408 2281 1516 2321 iudi-

157 2338 331 2377 candum
350 2338 525 2380 idoneos.

219 2398 318 2438 440.
351 2398 408 2438 Ac
438 2398 560 2438 multi
588 2399 752 2439 voluere
782 2399 847 2439 vel
877 2411 1096 2451 suscepere,
1127 2413 1148 2439 e
1178 2400 1322 2451 quibus
1352 2400 1514 2442 honoris

157 2459 1515 2524 m
