1872 2924
316 236 403 279 222
618 236 985 273 PROLEGOMENA
1011 237 1078 273 AD
1101 238 1364 287 EPISTULAS

377 324 526 363 Contra
558 337 578 363 e
608 327 723 376 parte
755 326 883 364 altera
914 327 1002 365 octo
1033 329 1125 376 post
1150 340 1208 377 ep.
1237 329 1260 366 7
1287 308 1452 378 praebet
1475 331 1670 381 epistulas

317 385 384 422 10.
414 386 479 422 11.
509 385 576 422 22.
605 386 642 423 9.
671 385 736 423 16.
766 386 831 423 13.
861 386 926 423 14.
957 388 1006 424 11

377 443 474 481 361.
501 443 803 482 Monacensis
828 457 885 494 gr.
907 438 1036 495 490¹)
1062 457 1112 484 sc.
1132 445 1205 483 XV
1229 446 1321 486 inde
1347 460 1371 485 a
1396 448 1463 487 fol.
1487 449 1601 489 155'.

375 501 557 552 Denique
588 502 694 540 inter
725 503 780 540 20
813 505 853 541 et
879 505 932 542 16
965 503 1095 542 locum
1126 504 1281 544 invenit
1305 519 1365 557 ep.
1387 509 1441 546 22
1467 507 1509 545 111
1533 509 1673 561 ecloga

315 561 579 610 epistularum
606 574 626 600 e
652 562 883 611 corpusculo
909 562 1028 610 facta,
1054 575 1172 612 quam
1196 564 1360 614 praebet
1385 566 1507 605 codex

377 622 474 660 362.
502 621 872 660 Escurialensis.
914 621 1132 661 w—IV—-1
1147 617 1181 675 ²)
1208 635 1259 662 sc.
1285 620 1466 677 XVJXVI
1490 626 1557 666 fol.
1582 627 1666 667 305

314 692 400 776 ἕεις.
437 678 539 718 Sunt
558 692 618 729 ep.
641 681 826 719 17-20,
848 682 915 719 22.
938 682 1004 720 16.
1037 682 1127 720 Mea
1152 683 1284 733 gratia
1307 683 1481 734 inspexit
1504 684 1670 725 Carolus

351 750 462 777 raux.

375 855 516 895 Altera
544 870 644 906 quae
670 858 1139 909 corpusculossuccrevit,
1170 862 1231 899 est
1254 873 1313 911 ep.
1334 854 1398 900 23.
1434 861 1545 902 Haec
1572 876 1669 913 quo-

316 929 393 965 que
418 917 498 955 iam
524 917 567 955 in
585 917 754 956 vetustis
774 917 1035 967 epistularum
1056 917 1352 958 Basilianarum
1371 921 1670 962 collectionibus

316 975 391 1014 etsi
416 975 555 1025 paucis
581 977 765 1015 occurrit.
800 976 931 1016 Huius
957 977 1112 1029 generis
1138 980 1199 1017 est
1223 979 1344 1018 codex

242 1037 313 1068 654
378 1041 474 1079 363.
515 1041 801 1081 monasterii
836 1041 1131 1082 Cossinitzes
1170 1044 1217 1082 in
1255 1046 1413 1084 monte
1447 1045 1670 1097 Pangaeo

315 1099 382 1138 siti
410 1101 466 1138 34
497 1100 659 1140 membr.
686 1101 760 1152 (31
783 1112 831 1138 ><
850 1102 904 1140 23
926 1099 978 1152 c.)
1010 1114 1062 1141 sc.
1087 1102 1156 1152 XI,
1187 1103 1257 1152 qui
1286 1103 1391 1142 inter
1416 1103 1598 1155 Gregorii
1629 1108 1670 1144 et

314 1159 560 1208 Apollinarii
579 1159 629 1199 ad
648 1160 846 1199 Basilium
866 1161 1059 1210 epistulas
1078 1162 1148 1200 fol.
1166 1163 1358 1201 1—196*
1377 1164 1573 1215 syllogam
1594 1164 1671 1203 Ba·

315 1218 549 1257 silianarum
576 1220 697 1269 atque
722 1219 764 1258 in
789 1219 863 1259 hac
888 1220 961 1259 sub
986 1233 1023 1259 n.
1043 1215 1216 1272 κη-μό’
1233 1221 1305 1260 has
1327 1224 1379 1261 17
1401 1225 1559 1262 mutuas
1579 1235 1670 1263 con-

315 1279 438 1315 tinet:
473 1280 596 1317 1—6.
626 1279 662 1317 8.
692 1280 727 1318 7.
758 1281 823 1317 22.
852 1280 1035 1318 13-15.
1065 1281 1131 1318 23.
1161 1281 1347 1330 16-19,
1379 1295 1546 1332 quarum
1573 1283 1669 1322 ordo

316 1337 496 1388 eclogam
527 1338 692 1387 respicit
722 1350 814 1376 cum
847 1338 973 1377 Vatic.
1004 1340 1086 1378 713
1098 1334 1131 1391 ³)
1163 1341 1204 1378 et
1229 1340 1389 1379 Barber.
1408 1341 1431 1380 I
1451 1342 1534 1381 103
1543 1337 1579 1394 ⁴)
1608 1355 1672 1381 co·

315 1397 492 1446 gnatam.
515 1396 745 1447 Sequuntur
758 1397 824 1437 fol.
839 1399 1089 1437 19ev—222
1104 1398 1300 1438 Λεοντίου
1320 1401 1572 1451 σχολαστικοῦ
1587 1403 1668 1440 Βυ-

316 1454 476 1501 ζαντίου
497 1455 642 1507 σχόλια,
661 1454 739 1495 ἀπὸ
760 1462 899 1508 φωνῆς
917 1457 1124 1510 θεοδώρου
1143 1462 1214 1497 τοῦ
1233 1458 1540 1509 θεοφιλεστάτου
1564 1457 1668 1511 ἆββᾶ

314 1512 384 1553 καὶ
410 1515 641 1565 σοφωτάτου
668 1515 894 1566 φιλοσόφου
919 1515 993 1567 τήν
1017 1530 1055 1555 τε
1081 1517 1200 1556 θείαν
1218 1515 1284 1556 καὶ
1303 1517 1490 1570 ἕξωτικὴν
1508 1520 1669 1569 φιλοσο-

316 1572 519 1624 φήσαντος
530 1574 701 1626 γραφήν.
721 1571 1043 1628 Ιῐιο.Ἀναγκαῖόν
1055 1574 1135 1615 ἐστι
1145 1574 1352 1628 μέλλοντας
1360 1573 1668 1631 ἡμᾶςαίρέσεων.

375 1632 538 1672 Detexit
563 1635 603 1672 et
628 1634 823 1685 excerpsit
846 1648 936 1674 mea
960 1635 1092 1686 gratia
1118 1648 1152 1675 a.
1181 1636 1293 1675 1885
1319 1636 1367 1675 A.
1387 1637 1672 1688 Papadopulus

315 1692 543 1732 Kerameus.

375 1752 491 1790 Alter
515 1752 690 1792 eiusdem
716 1754 872 1804 generis
898 1754 1019 1793 codex
1045 1756 1104 1793 est

245 1818 314 1850 655
379 1817 476 1855 364.
502 1817 809 1857 Harlaeanus
839 1814 905 1871 (=
931 1813 1070 1870 Harl),
1102 1820 1172 1869 qui
1202 1832 1254 1858 sc.
1280 1820 1315 1858 X
1347 1821 1411 1859 vel
1435 1820 1494 1859 XI
1518 1822 1604 1859 erat
1628 1822 1669 1859 et

319 1877 403 1914 249
432 1876 626 1926 epistulas
651 1877 990 1927 complectebatur
1013 1880 1115 1917 teste
1134 1879 1298 1918 Marano
1322 1880 1365 1918 111
1385 1879 1477 1918 edit.
1497 1879 1620 1918 Basil.
1639 1881 1670 1918 t.

317 1934 382 1972 III
407 1948 444 1984 p.
467 1933 620 1986 CXCII,
646 1949 670 1974 a
695 1949 775 1986 quo
795 1937 963 1976 collatus
983 1939 1055 1976 est.
1090 1936 1169 1983 Qui
1187 1950 1275 1976 cum
1295 1938 1471 1977 omnium
1491 1939 1668 1978 codicum

316 1996 580 2044 superstitum
620 1995 993 2046 antiquissimus
1033 1997 1156 2036 fuisse
1191 1997 1349 2036 dicatur
1382 1999 1422 2036 et
1454 1998 1670 2037 lectionum

317 2053 569 2102 quarundam
594 2054 724 2104 pretio
750 2056 928 2105 excellat,
954 2058 1015 2094 est
1039 2069 1109 2094 cur
1127 2069 1216 2094 eum
1236 2057 1399 2106 periisse
1419 2059 1460 2095 et
1477 2060 1561 2095 tam
1579 2069 1672 2107 par—

315 2124 402 2150 cam
429 2113 492 2151 sui
517 2114 703 2152 notitiam
726 2114 933 2164 reliquisse
959 2115 1174 2154 doleamus.
1210 2115 1268 2154 At
1286 2117 1381 2154 sunt
1399 2116 1671 2167 agnoscendae

316 2171 438 2210 etiam
458 2172 501 2210 in
521 2185 566 2211 eo
586 2173 777 2212 lectiones
795 2175 930 2224 potius
950 2176 1177 2213 coniectura
1192 2175 1378 2214 inventae
1392 2187 1509 2225 quam
1525 2189 1545 2214 e
1560 2175 1671 2214 fonte

314 2233 511 2280 receptae,
535 2232 646 2270 velut
665 2230 875 2280 εὐστάθιος
894 2246 966 2283 pro
987 2233 1071 2281 διός
1090 2246 1150 2284 ep.
1173 2236 1226 2272 14
1247 2230 1324 2284 (XI
1344 2230 1551 2286 589,12)‚
1576 2236 1669 2285 μᾶλ-

378 2320 412 2364 1)
438 2319 493 2358 cf.
512 2322 538 2354 t.
559 2320 590 2354 V
612 2324 679 2355 162
705 2322 1088 2365 n.176;t.V111593
1108 2335 1143 2358 n.
1165 2327 1224 2367 94,
1250 2335 1362 2369 supra
1384 2336 1421 2369 p.
1444 2327 1567 2359 180n.
1587 2327 1667 2358 213.

377 2369 412 2410 2)
438 2366 492 2401 cf.
512 2368 540 2402 t.
560 2367 594 2402 V
621 2371 688 2403 187
714 2380 750 2403 n.
771 2349 851 2405 200'.

376 2415 412 2458 3)
438 2413 559 2459 Supra
583 2426 608 2459 p
641 2419 709 2450 219
735 2427 770 2451 n
792 2419 871 2452 350.

375 2461 413 2506 4)
438 2459 491 2496 Cf.
514 2472 626 2506 supra
650 2474 685 2507 p.
708 2467 776 2497 135
802 2475 838 2500 n.
860 2468 928 2499 113
955 2465 993 2499 et
1016 2463 1116 2500 infra
1139 2476 1176 2510 p.
1196 2468 1266 2500 224
1290 2477 1326 2500 n.
1347 2469 1426 2502 367.
