1872 2924
341 215 362 256 fi
385 214 439 247 15.
476 209 542 247 ΒΕ
567 209 709 247 CODD.
729 209 802 246 ΕΡ.
825 212 940 246 1-’22
966 208 1326 246 ΕΧΗῙΒΕΝΤΙΒΌΒ
1426 207 1513 252 213

151 300 265 341 bauii
287 302 330 340 et
347 299 492 340 Basilii
515 300 718 340 continere
743 298 847 339 dixit
863 297 1057 339 Lambros
1065 293 1110 353 ¹).
1135 297 1322 348 Possunt,
1345 298 1393 338 ut
1415 309 1513 349 pau-

153 360 211 403 cis
234 359 443 413 defungar,
468 372 553 400 esse
580 360 768 408 12—20,
793 370 900 410 quae
923 358 965 397 in
992 357 1126 398 codice
1145 357 1514 410 Hierosolymitano

153 419 193 461 S.
222 418 403 472 Sepulori
435 419 521 460 405
532 413 568 471 ¹)
602 419 761 468 extant,
803 420 973 470 possunt
1008 430 1103 458 vero
1138 417 1261 457 etiam
1295 430 1380 458 esse
1416 418 1515 458 501.

154 479 253 520 647.
280 481 333 519 11
361 478 410 518 de
435 478 579 530 quibus
603 478 712 518 infra
735 477 811 517 sub
835 491 873 517 n.
894 478 980 517 377
995 490 1081 529 sqq.
1108 479 1262 530 agetur.

211 538 324 578 Idem
349 539 412 578 vir
434 531 616 590 doctus⁸)
642 537 818 578 codicem

214 599 314 639 3⁶25.
338 597 547 638 Athoum
574 596 945 638 Constamonitu
967 598 1022 637 73
1048 597 1174 637 chart.
1187 597 1339 636 formae
1358 598 1435 636 oct.
1449 608 1502 636 sc.
1515 601 1585 635 6⁸8

154 657 293 698 XVIII
315 657 478 698 miscell.
505 658 708 697 continere
733 657 926 708 epistulas
948 659 1111 697 mutuas
1131 656 1274 698 Basilii
1294 658 1335 696 et
1354 655 1516 695 Libanii

154 717 253 758 satis
276 717 419 757 habuit
441 717 648 759 indicasse.
683 716 867 768 Denique
891 716 1013 756 codex

214 778 314 818 326.
345 772 599 817 Parisinus
633 790 692 829 gr.
720 777 807 816 364
841 776 965 819 chart.
996 789 1047 816 sc.
1067 775 1181 825 XIV,
1218 776 1316 815 olim
1347 775 1504 815 Maza·
1518 783 1585 815 634

154 836 367 885 rinaeus,
403 836 567 877 miscell.
598 837 779 876 continet
811 838 915 876 teste
947 836 1134 888 catalogo
1168 835 1404 875 Mellotiano
1441 834 1514 874 Li·

154 895 289 936 banii
326 895 586 947 Sophistae
623 898 672 935 et
712 895 878 935 Sancti
918 895 1097 935 Basilii
1133 895 1377 946 epistulas
1419 908 1517 934 mu·

154 960 275 996 tuas.
307 954 413 996 Cave
443 957 578 996 tamen
611 969 658 995 ex
688 956 764 995 hac
793 954 907 995 tituli
936 955 1067 995 forma
1098 954 1311 995 concludas
1342 954 1514 995 codicem

155 1027 240 1055 esse
274 1028 296 1054 e
331 1028 476 1068 genere
506 1028 663 1066 eorum,
699 1016 771 1067 qui
800 1014 964 1054 Libanii
993 1027 1138 1054 nomen
1167 1014 1301 1066 priore
1331 1014 1421 1054 loco
1451 1027 1514 1053 ex-

154 1074 295 1115 hibent
317 1077 365 1114 ut
388 1074 599 1116 Parisinus
624 1088 683 1127 gr.
706 1075 833 1115 1760.
870 1075 986 1114 Nihil
1009 1074 1103 1114 huic
1127 1076 1366 1126 argumento
1390 1073 1515 1114 tribu-

155 1134 302 1174 endum
326 1146 412 1175 esse
436 1135 569 1175 elucet
586 1148 608 1174 e
627 1134 772 1184 verbis,
797 1134 945 1186 quibus
965 1132 1178 1174 Omontius
1197 1134 1282 1173 Inv.
1300 1136 1331 1173 t.
1351 1133 1371 1173 Ι
1388 1146 1427 1185 p.
1442 1134 1516 1173 38:

154 1193 194 1234 S.
214 1194 364 1234 Basilii
383 1194 596 1235 &Libani-2·
607 1195 791 1244 epistolae
802 1196 964 1234 mutuae
976 1193 1060 1243 (sol.
1068 1192 1178 1243 211)
1191 1206 1284 1233 eum
1296 1193 1515 1244 descripsit.

216 1301 329 1348 Quae
354 1302 448 1342 huic
466 1303 701 1354 corpusculo
719 1302 960 1354 primigenio
978 1301 1111 1352 prima
1128 1302 1326 1341 succrevit
1344 1301 1519 1352 epistula

156 1355 211 1401 22
240 1363 282 1402 et
311 1362 393 1401 iam
423 1362 466 1401 in
496 1361 798 1402 Basilianarum
829 1361 1093 1411 epistularum
1125 1361 1304 1413 syllogas
1328 1361 1519 1411 antiquas

156 1421 332 1472 irrepsit,
360 1423 498 1461 tamen
521 1424 670 1462 certam
697 1421 831 1461 sedem
856 1434 936 1461 non
960 1420 1127 1470 invenit,
1158 1420 1227 1460 sed
1251 1421 1424 1460 maxime
1448 1432 1515 1460 va·

158 1481 291 1521 riavit.
328 1480 389 1521 Ac
418 1482 592 1533 primum
626 1481 788 1532 quidem
819 1493 908 1520 eam
938 1481 983 1519 in
1012 1480 1113 1520 fine
1139 1482 1165 1519 i.
1187 1493 1220 1519 e.
1253 1481 1348 1531 post
1376 1491 1515 1520 comm.

157 1553 219 1591 ep.
234 1542 287 1581 21
309 1540 506 1582 invenisse
525 1541 658 1581 sedem
676 1540 883 1592 probabile
903 1542 975 1580 est.
1000 1538 1122 1579 cuius
1140 1539 1296 1591 generis
1315 1541 1379 1579 est
1395 1538 1517 1578 codex

219 1600 316 1640 327.
351 1600 646 1641 Bodleianus
686 1600 1029 1640 Miscellaneus
1066 1594 1197 1653 242⁴)
1227 1611 1279 1639 sc.
1305 1597 1414 1649 XVI,
1447 1599 1517 1649 qui

158 1659 336 1700 continet
359 1660 428 1700 fol.
457 1661 690 1701 134—142
723 1673 785 1711 ep.
807 1660 951 1699 1—22
983 1658 1198 1709 inscriptas
1227 1663 1311 1699 τοῦ
1340 1656 1391 1698 ἐν
1414 1655 1519 1711 ἁγί-

159 1732 232 1767 οις
267 1718 444 1773 πατρὸς
478 1716 611 1772 ἡμῶν
644 1718 891 1772 βασιλείου
923 1723 1005 1758 τοῦ
1037 1718 1241 1771 μεγάλου
1274 1715 1520 1758 ἐπιστολαὶ

159 1777 391 1832 διάφοροι
414 1779 532 1833 πρὸς
558 1778 837 1830 διαφόρους.
862 1777 1066 1834 λιβανίφ
1084 1783 1304 1833 σοφιστῇ.
1343 1776 1419 1817 Sed
1437 1778 1519 1817 iam

159 1838 228 1879 fol.
251 1839 335 1880 115
361 1841 455 1890 post
485 1852 546 1890 ep.
569 1839 683 1878 1553
715 1838 950 1889 inscriptam
981 1837 1160 1890 λιβάνιος
1190 1842 1244 1877 τῶ
1268 1835 1521 1889 χρυσοστόμω

160 1897 314 1956 ἰωάννῃ
323 1892 358 1953 ¹⁵)
391 1900 659 1939 antecesserat
689 1910 828 1938 comm.
855 1910 915 1948 ep.
937 1899 991 1937 22
1023 1897 1220 1948 inscripta
1244 1895 1434 1948 βασίλειο.
1464 1898 1521 1936 λι-

160 1957 301 2014 βανίφ.
344 1956 575 2010 Sequuntur
603 1956 749 1996 Basilii
772 1970 833 2008 ep.
856 1958 940 1997 185
973 1958 1014 1996 et
1038 1955 1222 2008 Gregorii
1246 1955 1343 1996 Naz.
1368 1956 1522 2007 epistu—

159 2017 237 2057 lae.
269 2017 441 2068 Inspexi.

222 2076 285 2117 Ex
320 2076 395 2118 hoe
431 2077 652 2127 descriptae
689 2078 784 2116 sunt
819 2072 1064 2116 ἐπιστολαὶ
1101 2072 1354 2127 ἀμοιβαῖαι
1389 2073 1522 2126 βασι-

162 2135 295 2177 λείου
324 2141 410 2177 τοῦ
441 2135 648 2189 μεγάλου
672 2132 752 2175 καὶ
776 2134 1002 2187 λιβανίου
1028 2140 1111 2174 τοῦ
1136 2138 1391 2186 σοφιστοῦ,
1422 2145 1522 2185 quas

164 2195 325 2236 exhibet
349 2196 470 2237 codex

227 2276 262 2321 1)
287 2274 478 2319 kambr-oe,
503 2273 712 2320 Catalogue
737 2271 780 2308 or
800 2272 867 2309 the
892 2271 1014 2308 Greek
1038 2271 1292 2318 manuscripts
1317 2281 1366 2307 on
1391 2271 1524 2307 noum

165 2322 285 2358 Athos
308 2323 327 2357 t
356 2320 387 2357 11
409 2326 456 2357 44
474 2333 510 2358 u.
523 2324 637 2358 42862
662 2319 850 2369 mea-coe
873 2319 939 2357 ml
966 2317 1162 2356 noceantne
1178 2324 1247 2356 τοῦ
1264 2317 1426 2366 μεγάλου
1443 2318 1523 2356 διι-

164 2369 292 2407 nezul
316 2369 515 2416 ἀμοιβαῑαι
536 2374 648 2414 τρεῖς.

225 2419 264 2462 8)
287 2417 410 2463 Supra
433 2427 470 2462 p.
485 2420 553 2453 ἰι
580 2427 616 2452 n.
637 2418 719 2452 81⁸.
840 2417 876 2462 8)
900 2414 926 2451 l.
945 2414 970 2451 l.
990 2416 1019 2451 t.
1037 2413 1055 2450 1
1078 2425 1115 2461 p.
1134 2418 1178 2451 41
1206 2426 1242 2450 u.
1263 2417 1345 2450 509.

225 2467 262 2512 4)
287 2463 394 2502 Char.
413 2463 561 2511 epistol.
580 2475 618 2510 p.
639 2467 661 2499 9
685 2475 722 2500 ιι.
741 2466 799 2500 22.
897 2464 933 2509 5)
959 2461 1082 2509 Supra
1104 2474 1142 2509 p.
1163 2465 1232 2499 1⁹4
1257 2473 1294 2498 u.
1313 2464 1395 2497 290.
