1872 2924
354 219 410 261 52
668 218 1032 256 PROLEGOMENA
1056 220 1123 256 AD
1144 220 1404 256 EPISTULAS

415 307 491 347 Sed
522 307 596 346 hoc
628 321 771 358 corpus
804 303 865 362 (a)
897 310 1035 358 periit,
1069 309 1166 360 quin
1199 311 1320 349 etiam
1352 324 1400 349 ne
1433 312 1708 363 apographum

356 367 517 416 quidem
549 380 594 405 ex
619 367 692 406 hoc
717 368 870 407 factum
896 363 956 421 (b)
984 369 1034 407 ad
1059 381 1130 408 nos
1157 371 1353 420 pervenit,
1384 370 1452 409 sed
1477 372 1706 422 apographa

355 427 512 464 tantum
537 439 558 464 e
584 427 606 465 b
631 426 694 465 vel
719 429 828 466 recta
852 429 919 466 via
943 428 1007 466 vel
1031 441 1102 477 per
1125 428 1302 467 medium
1327 429 1502 468 codicem
1528 425 1584 483 (c)
1605 430 1709 469 deri-

356 488 462 524 vata.
498 486 733 537 Apographi
765 500 784 524 e
812 487 834 524 b
860 487 1083 525 concinnati
1108 488 1300 538 reliquiae
1310 483 1343 541 ¹)
1369 490 1623 528 continentur
1646 502 1708 528 co-

357 544 441 583 dice
471 544 663 584 Vaticano
694 559 751 596 gr.
774 547 843 594 83,
875 547 944 595 qui
974 547 1113 585 unicus
1137 547 1254 585 hodie
1280 559 1421 597 corpus
1447 548 1709 597 epistularum

356 603 523 642 exhibet.
557 603 809 654 Quamquam
829 601 1021 654 epistulas
1038 607 1150 644 1566
1172 606 1468 656 comprehendit
1486 619 1709 660 magnaque

356 675 376 701 e
407 665 520 713 parte
557 664 664 702 solus
695 663 871 713 praebet,
903 667 1038 703 tamen
1062 677 1141 703 non
1167 665 1342 715 corporis
1368 665 1560 716 simplicis
1584 666 1713 705 instar

355 721 570 770 habendus,
594 723 716 762 immo
742 736 834 762 vero
859 724 1071 773 multiplex
1096 727 1165 763 est.

571 838 600 893 ἓ
626 836 666 882 2.
699 838 761 883 De
787 838 959 896 sylloga
983 842 1012 883 b
1038 839 1243 884 Vaticani
1267 852 1335 896 gr.
1355 837 1408 883 83
1429 840 1512 895 (V)

493 908 499 913 ’
773 910 950 966 eiusque
974 910 1305 969 propaginibus.

284 1004 354 1035 465
420 999 455 1035 1.
476 995 607 1036 Codex
622 996 889 1036 Vaticanus
910 1011 972 1049 gr.
994 998 1047 1037 83
1070 992 1135 1051 (=
1157 993 1208 1052 V)
1228 998 1390 1036 membr.
1409 998 1560 1037 formae
1579 999 1709 1048 quart.

358 1055 552 1106 originem
577 1057 684 1106 cepit
708 1069 760 1095 sc.
786 1056 854 1108 XI,
886 1057 955 1095 sed
979 1070 1104 1107 paene
1130 1057 1296 1096 dimidia
1322 1058 1405 1096 eius
1430 1069 1523 1108 pars
1548 1070 1627 1096 non
1652 1058 1711 1095 ita

356 1115 483 1154 multo
503 1117 594 1165 post
611 1116 748 1165 periit:
769 1117 1047 1166 quaterniones
1067 1117 1108 1155 II
1127 1111 1208 1170 (β’)
1230 1118 1271 1155 et
1289 1116 1399 1154 XXV
1413 1112 1474 1165 (κε
1483 1111 1710 1168 ‘)—XLV11

357 1169 462 1226 (μζ’)
472 1171 505 1225 ²)
534 1168 598 1227 (=
626 1171 694 1226 V1)
722 1177 955 1225 superstites
981 1177 1104 1224 erant,
1131 1176 1273 1226 quibus
1302 1177 1386 1215 770
1410 1176 1490 1214 fere
1516 1175 1710 1225 epistulae

358 1233 676 1273 continebantur.
713 1234 866 1286 Integri
891 1236 1066 1285 corporis
1090 1235 1330 1274 restituendi
1354 1247 1405 1274 sc.
1431 1234 1510 1274 XII
1537 1235 1595 1274 vir
1619 1234 1710 1272 doc-

357 1293 436 1340 tus,
460 1292 621 1331 Libanii
646 1294 875 1343 admirator,
901 1307 1035 1333 curam
1061 1295 1153 1345 egit.
1191 1294 1423 1344 Anquisivit
1448 1292 1620 1333 codicem
1646 1307 1710 1344 ge·

357 1352 520 1390 mellum
551 1352 698 1402 perditi
729 1366 809 1403 quo
840 1353 997 1403 perdita
1022 1354 1338 1403 continebantur,
1370 1365 1498 1403 neque
1523 1365 1616 1391 vero
1642 1353 1712 1402 qui

357 1423 517 1460 prorsus
550 1424 638 1450 cum
669 1412 742 1451 hoc
768 1415 1001 1464 congrueret
1024 1414 1218 1463 repperit,
1250 1413 1317 1451 sed
1345 1411 1620 1451 tantummodo
1649 1423 1712 1450 co-

358 1472 535 1520 gnatum.
574 1471 633 1510 Ex
660 1471 735 1511 hoc
766 1472 922 1522 perdita
947 1485 1073 1522 aeque
1098 1474 1219 1523 atque
1245 1474 1405 1511 servata
1431 1470 1712 1523 calligraphice

359 1529 467 1568 foliis
488 1529 538 1568 ad
558 1531 722 1569 eandem
734 1532 902 1570 formam
922 1531 1093 1570 redactis
1112 1531 1368 1570 describenda
1383 1531 1422 1569 et
1437 1532 1545 1580 quat.
1559 1530 1590 1568 I.
1605 1530 1713 1568 111—

361 1588 780 1640 XXIV.XLVII[sqq.
801 1603 889 1629 cum
908 1591 989 1629 illis
1005 1591 1053 1629 ad
1068 1590 1185 1629 unius
1206 1589 1351 1630 codicis
1372 1602 1600 1641 compagem
1623 1601 1713 1627 con-

421 1691 454 1736 1)
480 1690 635 1726 Minime
658 1691 776 1728 Vatic.
796 1704 850 1738 gr.
870 1695 916 1727 83
941 1692 982 1727 in
1005 1692 1112 1727 libris
1131 1691 1246 1727 I—III
1271 1691 1413 1727 fontem
1432 1690 1567 1725 habuit
1585 1689 1711 1725 Vossi-

360 1747 484 1782 auum,
515 1738 556 1773 id
587 1739 688 1783 quod
720 1739 913 1775 contendit
938 1739 1066 1776 Seeck.
1093 1743 1148 1775 27.
1188 1739 1283 1774 Nam
1314 1739 1357 1774 ut
1387 1737 1484 1773 nihil
1515 1737 1639 1773 dicam
1669 1737 1715 1771 de

361 1786 496 1826 aetate,
528 1785 568 1820 in
599 1797 656 1830 ep.
678 1786 735 1826 ος’
767 1786 855 1822 libri
880 1787 897 1822 Ι
923 1789 981 1832 (=
1003 1789 1061 1832 95)
1092 1789 1194 1823 recte
1226 1786 1352 1832 pergit
1384 1786 1419 1822 V
1437 1785 1500 1821 fol.
1521 1788 1566 1820 28
1592 1783 1714 1820 verbis

360 1833 430 1876 ἐρῶ
456 1833 497 1868 δὲ
523 1833 583 1873 ὡς.
608 1844 803 1879 perperam
826 1834 1026 1870 Vossianus
1046 1846 1131 1870 cum
1154 1834 1275 1869 Vatic.
1295 1845 1347 1879 gr.
1370 1836 1415 1868 85
1436 1833 1484 1867 ab
1496 1830 1632 1877 Ἔρωτι
1650 1842 1716 1866 no-

359 1890 445 1914 vam
470 1879 606 1925 incipit
631 1881 843 1927 epistulam.
880 1881 988 1924 Quod
1015 1894 1097 1917 eum
1117 1892 1300 1917 consensu
1319 1881 1417 1916 inter
1442 1880 1477 1915 V
1492 1881 1530 1915 et
1549 1879 1712 1916 codicem

360 1926 528 1962 familiae
548 1927 820 1974 eclogariorum
840 1940 862 1964 a
883 1930 976 1965 VVa
985 1931 1036 1965 Vo
1055 1940 1129 1965 non
1148 1929 1386 1974 pendentem,
1406 1927 1472 1962 sed
1491 1937 1560 1971 per
1577 1937 1616 1962 se
1629 1937 1715 1962 con-

361 1975 522 2009 stantem
542 1978 711 2020 apparet,
730 1978 811 2012 tum
830 1977 1018 2012 sententia
1034 1997 1076 2004 -·
1091 1988 1177 2011 nam
1197 1987 1309 2021 quem
1316 1974 1464 2019 Ἔρωτα
1478 1974 1586 2009 illum
1602 1974 1716 2008 fuisse

360 2021 599 2066 putabimus?
621 2045 664 2049 —
684 2024 876 2069 probatur.
909 2024 996 2059 Cod.
1012 2024 1232 2059 Dresdensis
1246 2024 1286 2059 D
1305 2022 1370 2068 qui
1389 2032 1455 2067 pro
1463 2018 1598 2065 Ἔρωτι
1609 2031 1716 2066 prae—

362 2068 426 2104 bet
451 2069 614 2117 Λεοντίῳ
639 2071 688 2106 ad
715 2072 882 2107 codicem
905 2071 1005 2107 redit
1030 2072 1095 2117 qui
1120 2071 1238 2107 κακὸν
1264 2070 1433 2105 familiae
1458 2069 1514 2104 Va
1524 2070 1575 2105 Vo
1600 2068 1718 2103 sensit

362 2116 526 2162 quidem,
552 2118 618 2153 sed
644 2121 746 2165 κακῷ
772 2118 909 2154 ἰᾶσθαι
925 2119 1064 2164 μείζονι
1083 2130 1156 2154 non
1177 2118 1374 2153 dubitavit.
1413 2116 1537 2151 Etiam
1556 2115 1716 2169 priorem

362 2163 502 2199 codicis
537 2166 571 2200 V
590 2168 746 2210 partem,
779 2177 876 2210 quae
902 2168 959 2202 est
984 2178 1032 2201 sc.
1053 2166 1114 2208 XI,
1147 2177 1193 2202 ex
1216 2166 1298 2211 ipso
1324 2164 1542 2210 apographo
1568 2163 1717 2209 perdito

364 2211 396 2254 b,
420 2223 497 2246 non
522 2224 567 2247 ex
590 2225 665 2248 uno
692 2213 864 2249 codicum
886 2214 1127 2259 superstitum
1146 2213 1296 2248 fluxisse
1315 2212 1414 2253 inde,
1440 2212 1484 2245 ut
1501 2222 1576 2246 uno
1596 2220 1716 2246 exem-

362 2257 426 2303 plo
451 2260 547 2302 utar,
572 2261 798 2306 perspicitur
821 2262 923 2305 quod
948 2272 1005 2306 ep.
1026 2265 1095 2295 404
1120 2262 1167 2306 (Χ
1187 2264 1267 2304 398,
1287 2264 1308 2294 2
1329 2260 1398 2304 sq.)
1424 2258 1524 2293 solus
1550 2258 1585 2292 V
1605 2257 1718 2293 verba

362 2304 383 2340 ὃ
403 2327 447 2332 -
468 2304 610 2343 ἐνθάδε
630 2309 800 2352 servavit,
826 2319 921 2353 quae
940 2309 980 2344 in
1004 2308 1159 2354 reliquis
1180 2307 1375 2343 codicibus
1393 2307 1547 2351 propter
1565 2305 1716 2340 homoe-

363 2353 554 2389 oteleuton
579 2355 680 2391 vocis
705 2356 963 2392 antecedentis
989 2356 1131 2392 ἐνθάδε
1156 2355 1385 2391 exciderunt.

423 2403 458 2445 2)
484 2401 639 2438 Numeri
670 2403 958 2448 quaternionum
990 2415 1013 2439 a
1037 2403 1191 2439 librario
1224 2403 1369 2438 exarati
1401 2412 1423 2436 a
1448 2400 1494 2436 355
1527 2409 1643 2445 usque
1668 2398 1717 2433 ad

364 2449 410 2493 Ee*
439 2449 654 2485 etiamnunc
677 2450 719 2485 in
742 2450 844 2486 foliis
870 2451 1044 2486 extremis
1072 2453 1297 2486 mcv—356⁷
1322 2447 1611 2494 conspiciuntur.
