1872 2924
470 231 491 273 ς
513 230 568 264 ιε.
606 226 672 263 ΒΕ
698 225 851 264 coum.
877 211 950 263 ΕΡ.
970 229 1027 263 24.
1048 230 1106 263 οε.
1128 229 1183 262 ιι.
1205 229 1226 262 ⁹
1446 226 1531 269 201

171 311 290 367 οὗτος
313 313 700 370 ἁνὴρ-θυγατέρων
724 314 781 354 XI
808 316 907 368 585,
935 318 956 355 1
974 327 1045 367 sq.‚
1070 314 1121 355 ab
1145 315 1349 368 elegantia
1373 315 1532 355 Libani-

172 389 252 418 ana
283 376 472 418 abhorret
499 375 709 426 multoque
739 374 837 414 fines
862 375 1017 415 excedit
1041 374 1138 424 eius,
1169 374 1277 426 quod
1302 375 1351 414 de
1376 375 1534 415 Iuliano

169 436 273 478 dixit
295 436 489 477 Libanius
520 448 582 487 ep.
604 437 689 476 797
722 433 790 475 καὶ
820 434 895 489 γάρ
926 432 1007 475 ἐστι
1031 434 1195 487 Σε.ρήν,
1226 434 1301 475 etsi
1331 435 1397 475 hic
1422 436 1533 475 locus

170 496 327 538 auctori
351 508 490 536 ansam
516 495 569 535 ad
593 507 707 535 suam
732 494 947 535 dictionem
973 494 1203 546 praebuisse
1222 497 1368 546 potest,
1392 495 1531 535 simili·

167 558 233 597 ter
250 558 374 608 atque
392 556 503 596 locus
523 568 583 607 ep.
606 556 721 595 1540
743 552 926 603 Ἡσίοδος
944 550 990 602 ὃς
1007 552 1051 594 ἐν
1069 557 1121 609 τῷ
1142 554 1274 611 κλάδῳ
1292 553 1367 605 τὴν
1384 554 1533 607 μανίαν

167 615 323 669 εἰλήφει
342 612 420 668 (ΧΙ
435 616 534 665 559,
550 609 594 669 7)
603 609 640 668 ¹)
660 614 712 654 ad
730 614 947 655 dictionem
966 609 1221 667 τῆςὉμήρου
1238 614 1383 666 μανίας
1394 614 1531 655 verba-

168 689 246 728 que
280 674 470 723 πολλάκις
503 672 547 715 ἒν
577 674 829 728 Στρατηγίου
863 685 927 715 σοι
961 672 1248 728 συγγενόμενος
1281 687 1328 714 ex
1360 687 1421 726 ep.
1446 676 1530 714 552

169 731 223 790 (X
245 736 345 785 516,
367 731 413 787 7)
438 732 594 788 ἥκουσα
619 732 660 775 δὲ
686 732 730 775 ἐν
748 734 999 788 Στρατηγίω
1025 732 1206 788 λέγοντος
1227 732 1353 774 αὐτοῦ
1371 734 1532 774 fluxisse

167 797 347 847 possunt.
381 795 523 847 Neque
549 794 710 835 diversa
734 794 834 834 haec
859 796 920 834 est
943 791 1050 834 ratio
1076 794 1127 833 ab
1152 806 1212 843 ea,
1237 806 1359 845 quam
1377 795 1420 833 in
1439 794 1533 833 aliis

167 854 363 908 fingendis
395 854 618 895 adhibitam
642 853 837 894 videmus.
876 854 975 894 Pars
1000 854 1107 893 enim
1130 856 1293 893 tantum
1316 853 1459 894 harum
1484 854 1531 892 li-

166 915 260 955 bere
284 914 379 955 ficta
404 916 477 964 est,
506 926 601 966 pars
626 914 800 966 vestigia
822 915 957 954 tenuit
981 914 1244 965 epistularum
1268 913 1532 964 superstitum

167 977 289 1026 atque
316 975 424 1014 inter
446 975 520 1014 has
545 975 669 1014 etiam
693 973 1021 1014 Libanianarum.
1060 972 1239 1020 Quarum
1263 974 1530 1013 luculentissi-

166 1047 276 1074 mum
304 1034 532 1086 exemplum
557 1036 618 1074 est
641 1046 782 1074 comm.
802 1046 864 1085 ep.
884 1027 922 1074 9.
957 1033 1106 1074 Reddit
1129 1034 1235 1074 enim
1254 1034 1352 1073 haec
1371 1033 1531 1073 Libanii

166 1094 219 1134 ad
242 1094 447 1137 Iulianum
473 1094 687 1146 epistulam
710 1094 809 1141 760,
834 1106 918 1145 qua
940 1093 976 1134 is
1000 1094 1124 1133 huius
1147 1106 1209 1145 ep.
1230 1094 1255 1133 3
1279 1090 1358 1147 (ed.
1381 1088 1530 1146 Hertl.)

165 1148 482 1209 responderat’)‚
509 1154 561 1194 ad
587 1154 781 1194 Basilium
806 1153 1027 1204 translatis,
1058 1165 1161 1204 quae
1188 1153 1259 1193 ille
1286 1153 1335 1192 de
1359 1152 1531 1205 Iuliano,

166 1216 209 1254 et
232 1213 417 1265 demptis,
442 1226 546 1266 quae
571 1213 620 1253 de
645 1213 782 1254 Prisco
808 1213 1032 1265 scripserat.
1070 1213 1212 1264 Neque
1238 1225 1415 1264 unquam
1437 1213 1530 1253 See-

165 1274 280 1314 ckius
306 1275 361 1314 33
389 1273 441 1313 ad
464 1274 567 1314 hanc
589 1273 823 1313 authentiae
843 1273 1042 1324 epistulae
1067 1273 1306 1312 defendendi
1331 1274 1437 1313 viam
1464 1273 1530 1311 de-

165 1333 352 1374 scendere
370 1333 552 1383 debebat,
576 1335 623 1372 ut
640 1333 745 1373 idem
772 1346 797 1373 a
814 1333 986 1373 Libanio
1011 1333 1064 1372 ad
1086 1333 1289 1372 Iulianum
1316 1334 1358 1372 et
1381 1332 1433 1372 ad
1453 1333 1530 1372 Ba·

164 1393 301 1433 silium
338 1393 459 1434 scribi
488 1393 669 1445 potuisse
699 1393 859 1433 diceret.
893 1393 1000 1432 Nam
1030 1393 1077 1432 ut
1107 1393 1293 1433 omittam
1317 1393 1440 1432 talem
1466 1394 1531 1432 sui

164 1453 445 1504 repetitionem
467 1465 493 1493 a
510 1452 681 1493 Libanio
701 1453 871 1493 alienam
893 1453 1029 1500 fuisse,
1046 1452 1113 1492 hic
1131 1455 1270 1503 aperte
1289 1451 1412 1492 verba
1430 1452 1528 1492 Iuli-

165 1514 234 1552 ani
258 1512 349 1564 ipsa
371 1513 538 1564 respicit
561 1514 682 1564 atque
707 1526 729 1553 e
754 1514 870 1565 parte
894 1513 1060 1564 repetitr,
1085 1525 1110 1551 a
1132 1512 1285 1552 Basilio
1310 1525 1404 1553 vero
1430 1512 1528 1551 haec

165 1572 300 1613 aliena
323 1575 428 1613 sunt.
464 1572 616 1613 Unicus
640 1574 775 1613 autem
801 1572 913 1613 locus
940 1584 1019 1623 quo
1039 1585 1179 1612 comm.
1199 1585 1259 1623 ep.
1282 1573 1307 1611 9
1330 1571 1380 1611 ab
1399 1572 1529 1612 altera

164 1634 346 1682 recessit,
379 1632 558 1672 fictorem
589 1632 735 1684 prodit.
780 1631 894 1679 Quod
927 1634 989 1673 est
1018 1631 1129 1683 apud
1159 1631 1372 1671 Libanium
1403 1630 1527 1686 πηγαὶ

163 1691 364 1745 κρείττους
387 1689 415 1746 ἢ
435 1692 596 1733 δεῖσθαι
614 1691 814 1746 ἐπιρροῆς,
837 1694 999 1731 mutans
1024 1691 1068 1731 in
1088 1689 1214 1745 πηγαὶ
1231 1694 1438 1745 κρείσσους
1456 1707 1527 1731 να-

165 1750 300 1803 μάτων
330 1749 517 1806 ἐπιρροῆς
547 1765 628 1793 non
658 1753 786 1792 solum
819 1752 1062 1804 elegantiam
1093 1751 1280 1791 dictionis
1303 1752 1528 1801 temeravit,

164 1811 234 1851 sed
259 1811 382 1852 etiam
407 1811 621 1864 κρείττους,
644 1825 723 1852 non
748 1811 954 1863 κρείσσους
979 1812 1109 1851 dicere
1135 1812 1386 1852 consuevisse
1409 1811 1526 1851 Liba-

163 1870 274 1911 nium
307 1871 457 1911 oblitus
488 1874 558 1912 est.
594 1870 708 1919 Quod
738 1885 833 1912 vero
858 1883 998 1912 comm.
1024 1884 1086 1923 ep.
1113 1873 1138 1911 9
1166 1871 1279 1910 deest
1302 1870 1344 1910 in
1369 1871 1528 1923 sylloga

163 1933 396 1971 mutuarum
427 1931 574 1972 codicis
595 1932 639 1981 V,
669 1931 747 1971 nisi
772 1943 868 1971 casu
892 1931 1051 1981 excidit,
1081 1931 1124 1970 id
1149 1930 1255 1982 quod
1281 1944 1303 1970 e
1327 1930 1527 1971 brevitate

163 1990 284 2030 facile
310 1991 545 2042 explicatur,
569 1991 661 2030 inde
685 1992 837 2032 factum
862 2003 946 2032 esse
971 1991 1116 2042 potuit,
1142 1990 1250 2042 quod
1275 1993 1417 2031 auctor
1441 2003 1526 2030 cor-

163 2049 273 2100 poris
298 2050 402 2091 hanc
426 2050 639 2102 epistulam
660 2052 741 2092 iam
762 2063 884 2103 supra
903 2050 1209 2103 deprehendisse
1228 2050 1305 2091 sibi
1323 2051 1434 2090 visus
1453 2054 1525 2091 est.

164 2109 314 2149 Eadem
339 2111 496 2151 ratione
518 2112 660 2151 auctor
678 2110 941 2162 epistularum
961 2114 1191 2150 mutuarum
1209 2110 1332 2150 etiam
1352 2107 1524 2150 aliorum

163 2169 362 2220 epistulas
394 2182 488 2211 suas
519 2170 634 2220 fecit,
669 2171 718 2210 ut
749 2170 963 2223 Stagirii
994 2170 1195 2222 sophistae
1232 2170 1447 2221 epistulam
1486 2172 1528 2210 et

163 2227 395 2281 Gregorii
419 2230 596 2281 episcopi
620 2229 672 2270 ad
695 2229 800 2270 hanc
817 2231 1110 2281 responsoriam
1131 2242 1156 2269 a
1174 2229 1328 2270 Maasio
1351 2243 1373 2269 e
1391 2230 1527 2270 codice

162 2287 370 2329 Patmiaco
385 2290 470 2330 706
490 2291 534 2329 in
546 2289 677 2330 Relat.
690 2290 800 2330 acad.
816 2289 948 2331 Berol.
964 2291 1092 2340 1912,
1107 2290 1192 2330 993
1200 2301 1259 2341 sq.
1277 2289 1524 2341 publicatam

225 2427 260 2472 1)
285 2425 340 2463 Cf.
361 2427 476 2463 etiam
500 2429 527 2464 t.
547 2426 581 2463 11
606 2431 688 2472 ⁴1⁸,
716 2432 760 2465 18
784 2426 903 2477 μανίᾳ
927 2433 1105 2475 ποιητόῑ

223 2475 261 2520 2)
286 2473 339 2511 Cf.
360 2484 475 2521 supra
498 2487 621 2521 p.—u.
643 2478 723 2512 18⁶.
