1872 2924
353 214 375 255 ⁵
397 215 430 247 8.
465 209 530 247 DE
555 208 779 246 SYLLOGA
803 208 999 245 sumas
1024 219 1059 246 c:
1088 207 1196 245 VAT.
1217 207 1295 245 GR.
1314 212 1359 246 st>
1484 208 1543 252 '13

170 300 327 353 plexus,
364 298 467 339 liber
497 298 536 349 I,
573 299 643 349 qui
682 298 877 349 epistulas
907 297 1001 337 inde
1032 297 1084 336 ab
1116 299 1269 337 aestate
1301 310 1336 336 a.
1359 298 1444 338 358
1478 310 1541 338 us-

170 372 248 413 que
273 359 325 399 ad
346 359 518 399 hiemem
543 371 579 398 a.
601 358 769 409 359s60
794 357 912 397 datas
938 357 1136 408 continet,
1161 356 1264 397 liber
1282 357 1341 407 Π,
1368 357 1438 409 qui
1458 358 1541 408 epi·

172 419 298 461 stulas
322 418 452 459 hieme
478 431 514 459 a.
535 414 701 470 359s60
728 417 898 468 scriptas
924 416 1110 469 praebet,
1141 416 1243 456 liber
1261 417 1336 467 111,
1362 418 1433 468 qui
1458 418 1541 468 epi-

173 479 300 520 stulas
331 491 356 518 a
388 491 481 518 vere
516 490 550 517 a.
579 478 665 518 360
702 489 828 528 usque
860 476 911 516 ad
949 488 1020 515 ver
1050 478 1148 516 anni
1183 477 1386 527 sequentis
1423 477 1540 517 datas

172 538 349 579 exhibet!
388 537 541 577 Deinde
578 550 627 576 ne
664 550 736 588 per
773 537 952 589 singulos
991 536 1152 587 quidem
1192 536 1317 577 libros
1350 539 1410 577 est
1442 536 1542 577 ordo

172 598 476 650 chronologicus
498 599 656 649 integer
680 600 874 642 servatus,
898 597 1022 636 immo
1046 609 1142 636 vero
1162 596 1304 636 saltem
1324 609 1397 647 per
1415 596 1539 636 libros

172 657 299 698 1—1v
325 657 510 709 epistulis
535 657 599 696 vel
620 656 909 708 posterioribus
928 656 994 695 vel
1013 655 1279 697 anterioribus
1299 657 1461 696 insertis
1480 657 1543 695 in-

172 712 428 769 terruptus.¹)
470 715 625 763 Quibus
655 716 758 756 hanc
790 715 1052 767 epistularum
1085 717 1129 755 in
1159 728 1227 755 sex
1252 715 1376 756 libros
1402 715 1539 756 divisi-

173 790 290 818 onem
308 790 334 816 a
350 776 518 816 Libanio
537 777 625 828 ipso
644 776 866 827 profectam
886 787 983 824 esse,
1003 788 1105 827 quae
1124 775 1202 815 fuit
1220 777 1357 827 opinio
1372 775 1541 824 Seeckii,

171 837 438 890 redarguitur.
475 836 536 876 Ne
561 837 732 887 septimo
759 835 920 887 quidem
947 836 1017 886 qui
1040 838 1181 887 postea
1200 835 1330 875 dictus
1350 837 1411 875 est
1435 835 1541 875 libro

174 897 547 949 comprehensarum
579 895 842 946 epistularum
873 894 970 935 ordo
1002 898 1051 935 ut
1083 894 1271 936 Seeckius
1302 908 1339 946 p.
1362 896 1419 934 24
1451 908 1542 934 cen-

173 958 267 1007 suit,
291 956 367 996 etsi
391 956 533 996 melius
558 957 754 1004 servatus,
778 968 799 995 e
824 954 987 994 Libanii
1012 955 1253 995 adversariis
1279 955 1448 1007 integris
1473 954 1539 995 de-

173 1016 324 1056 libatus
343 1017 414 1056 est.
446 1015 551 1056 Nam
570 1015 645 1055 etsi
664 1015 762 1055 haec
781 1015 964 1055 collectio
983 1014 1181 1066 bipartita
1199 1016 1272 1064 est,
1291 1015 1351 1054 ita
1369 1017 1416 1054 ut
1427 1016 1541 1066 prior

173 1088 266 1128 pars
294 1075 489 1128 epistulas
514 1074 605 1114 inde
631 1074 682 1114 ab
707 1076 861 1115 aestate
887 1087 923 1115 a.
945 1076 1025 1114 361
1055 1086 1184 1126 usque
1210 1074 1261 1114 ad
1287 1087 1357 1114 ver
1382 1087 1416 1114 a.
1439 1075 1542 1123 363,

174 1136 303 1176 altera
334 1136 527 1187 epistulas
559 1134 652 1174 inde
684 1134 734 1174 ab
760 1147 794 1174 a.
818 1135 902 1174 388
935 1147 1061 1186 usque
1094 1134 1146 1173 ad
1171 1137 1342 1174 mortem
1367 1135 1540 1185 scriptas

173 1195 474 1247 complectatur,
504 1197 639 1234 tamen
669 1196 713 1233 in
744 1196 890 1234 neutra
913 1196 1029 1245 parte
1054 1194 1152 1233 ordo
1178 1194 1438 1234 intemeratus
1464 1199 1538 1233 est.

173 1255 260 1295 Aut
283 1254 516 1296 adversaria
539 1255 619 1294 iam
646 1254 807 1305 quando
833 1266 858 1292 a
882 1253 1059 1304 corporis
1084 1253 1291 1294 redactore
1310 1253 1539 1303 adibantur,

174 1327 317 1366 pamm
343 1314 502 1366 integra
525 1315 642 1354 erant
666 1316 739 1353 aut
763 1314 942 1365 corporis
966 1325 1179 1366 compages
1204 1313 1269 1352 hic
1293 1313 1379 1354 illic
1404 1313 1541 1353 solnta

175 1376 247 1415 est.
291 1374 470 1421 Quocum
501 1373 700 1423 convenit,
730 1374 837 1424 quod
867 1373 964 1412 ordo
995 1374 1262 1425 epistularum
1285 1372 1480 1412 librorum
1506 1373 1539 1413 I.

175 1434 227 1475 11.
252 1433 315 1473 ΠΙ
339 1446 419 1473 non
444 1434 504 1473 ita
528 1434 669 1473 multis
694 1433 995 1484 exceptionibus
1022 1445 1112 1472 cum
1137 1433 1326 1472 Vaticani
1353 1434 1407 1472 83
1434 1432 1540 1472 libro

175 1490 212 1533 α’
237 1493 447 1543 consentit,
471 1493 665 1533 librorum
688 1493 758 1533 IV.
779 1493 826 1531 V.
847 1492 906 1532 VI
930 1506 1020 1533 cum
1046 1492 1226 1532 eiusdem
1250 1492 1355 1532 libro
1379 1489 1433 1545 γ’,
1458 1492 1540 1531 Vn

175 1566 266 1593 cum
290 1553 403 1593 libris
428 1549 480 1606 β’,
505 1549 550 1606 ε’,
574 1548 620 1598 ς’.

235 1612 313 1652 Sed
337 1613 489 1664 passim
514 1612 637 1652 codex
655 1612 844 1652 lectiones
862 1612 1029 1663 praebet
1046 1614 1093 1651 ut
1111 1612 1290 1651 diversas
1309 1623 1389 1651 non
1408 1611 1538 1651 solum

175 1685 201 1713 a
232 1673 270 1712 V
297 1671 366 1726 (cf.
392 1672 444 1712 ad
469 1685 530 1724 ep.
558 1674 655 1712 731.
683 1673 780 1712 733.
810 1673 907 1711 741.
935 1673 1032 1711 748.
1061 1672 1159 1711 754.
1188 1672 1285 1711 762.
1313 1672 1410 1711 763.
1440 1671 1539 1711 786.

178 1733 276 1772 796.
305 1733 402 1772 798.
430 1733 528 1771 799.
555 1732 654 1772 803.
681 1732 779 1772 805.
807 1732 905 1771 814.
933 1732 1031 1771 816.
1060 1733 1158 1771 817.
1186 1731 1284 1771 820.
1312 1731 1410 1770 853.
1438 1731 1537 1770 861.

177 1792 275 1832 862.
309 1793 406 1832 875.
435 1793 532 1831 912.
560 1792 659 1831 919.
686 1793 784 1831 922.
812 1793 910 1832 929.
938 1787 1056 1844 931),
1082 1790 1150 1831 sed
1175 1792 1298 1830 etiam
1324 1803 1348 1829 a
1380 1790 1449 1839 Vo,
1478 1791 1539 1828 ita

175 1853 283 1892 recte
308 1852 490 1902 falsoque
517 1862 713 1903 congruas
738 1851 804 1891 vel
829 1863 918 1891 cum
944 1850 1025 1890 Ath
1049 1851 1113 1890 vel
1139 1863 1231 1890 cum
1256 1851 1328 1899 Bc,
1352 1851 1401 1889 ut
1424 1849 1539 1888 nulla

176 1910 376 1952 dubitatio
406 1922 492 1951 esse
521 1911 652 1962 possit
682 1912 779 1961 quin
812 1923 860 1949 ex
888 1910 1068 1961 exemplo
1101 1910 1150 1949 ab
1175 1922 1202 1950 a
1226 1908 1454 1961 repetendo,
1487 1908 1539 1947 ad

177 1971 286 2022 quod
303 1971 368 2011 illi
387 1971 541 2011 codices
560 1970 751 2021 eclogarii
769 1969 948 2021 redeunt,
973 1972 1174 2010 correctus
1193 1971 1257 2010 sit.
1296 1968 1375 2008 Sed
1392 1981 1537 2019 propa-

177 2031 290 2083 gines
313 2030 477 2070 videtur
499 2031 629 2082 egisse
653 2030 796 2069 nullas.

236 2090 397 2130 Partem
437 2089 611 2140 priorem
646 2089 793 2130 codicis
829 2089 1005 2129 contulit
1042 2089 1144 2140 Eug.
1182 2088 1404 2136 Bormam,
1447 2088 1540 2127 reli-

178 2161 300 2200 quam
324 2161 408 2202 ego.

238 2208 299 2248 Ex
324 2208 462 2248 eodem
487 2220 566 2259 quo
590 2208 657 2248 hic
681 2208 899 2258 exemplari
925 2207 1173 2258 exemplatus
1199 2210 1259 2246 est
1284 2207 1405 2247 codex

241 2281 309 2321 18.
334 2279 588 2319 Leidensis
607 2279 874 2320 Vossianus
899 2292 957 2331 gr.
980 2280 1033 2317 77
1061 2274 1127 2332 (-
1148 2275 1229 2331 Vo)
1260 2279 1413 2318 formae
1438 2278 1612 2318 folin-14

178 2339 307 2380 bomb.
333 2351 385 2379 sc.
410 2338 620 2391 xnsxm,
650 2339 747 2378 olim
770 2338 969 2378 Ioannis
995 2336 1316 2389 chrysolorae
1346 2339 1448 2378 teste
1479 2339 1539 2376 in·

240 2454 275 2499 1)
301 2452 478 2490 Silomon.
497 2451 523 2489 1.
541 2452 566 2489 1.
