1872 2924
177 209 360 247 unum
384 209 469 253 QUI
490 209 758 247 FERUNTUR
783 209 1135 247 CHARAcTssREs
1160 210 1424 249 EPISTOLICI
1462 211 1520 255 23

155 312 294 353 oram
323 301 430 349 coepi
458 300 694 345 discurrere,
731 303 823 339 ttmc
850 302 977 350 frater
1009 300 1202 351 Georyius
1231 302 1519 342 Mascalonnus

153 372 232 411 pro
266 361 421 400 notario
457 371 538 399 esse
576 359 698 399 voluit
732 360 883 400 calamo
913 361 1106 410 excipiens
1137 361 1301 408 dictata,
1330 362 1460 410 sicque
1490 373 1517 401 a

153 419 330 471 prandio
345 419 399 459 ad
411 431 566 458 coenam
580 420 854 468 complevimus
866 431 933 469 eqo
946 420 1175 467 Libaniwm,
1193 421 1259 460 ille
1270 423 1517 461 matutinum.

222 480 290 520 58.
315 479 422 518 Num
447 479 549 518 hanc
573 478 789 519 editionem
812 481 1034 531 principem
1059 482 1152 520 ante
1177 481 1314 520 oculos
1332 480 1520 521 habuerit

159 552 251 580 eum
283 539 389 579 hunc
418 538 599 578 libellum
631 550 652 577 e
683 551 825 591 graeco
853 539 1024 579 latinum
1050 539 1147 580 fecit
1170 540 1373 580 Iacobus
1398 540 1518 581 Mer-

159 601 297 639 catus
323 598 667 650 Silvestrinus‚
693 611 717 638 a
743 611 822 649 quo
842 598 1001 638 Libanii
1027 600 1276 640 characteres
1301 613 1348 640 ex
1373 612 1517 653 graeco

159 660 202 699 in
220 659 393 698 latinum
417 660 597 699 conversi
621 659 762 698 extant
785 660 828 698 in
847 658 981 698 codice
1002 659 1367 712 Magliabeochiano
1390 661 1518 710 1394,

161 731 267 758 nunc
291 718 422 758 dicere
447 730 610 768 nequeo.

221 779 290 818 59.
316 777 466 818 Contra
490 777 541 817 ad
565 789 654 817 eam
679 778 784 818 redit
802 780 931 818 versio
950 778 1079 818 latina
1098 779 1377 832 wolfgangi
1398 779 1518 819 Ane-

161 838 350 887 moecii,
388 850 490 889 quae
526 839 738 889 inscripta:
772 838 937 878 Libani-i
972 839 1166 887 sophistae
1202 839 1312 888 apud
1347 839 1519 880 Graecos

159 898 374 939 doctissimi
398 898 643 948 Epistolares
670 898 920 938 characteres
954 899 1190 948 Wolfycmyo
1208 898 1439 939 Anemoecio
1457 900 1517 938 in-

160 960 321 1008 terprete
343 959 456 996 extat
480 957 523 996 in
542 957 829 1010 Farraginibus
855 958 1116 1009 epistolarum
1135 958 1426 998 Laconicarum
1439 959 1518 998 Ba-

160 1017 282 1058 sileae
308 1030 342 1057 a.
366 1018 479 1057 1545
506 1017 635 1058 editis.

224 1078 293 1117 60.
319 1077 397 1117 Sed
427 1077 551 1116 editio
582 1090 685 1128 quae
708 1078 903 1129 inscripta
927 1077 1128 1129 Λιβανίου
1153 1084 1345 1129 σοφιστοῦ
1370 1076 1520 1118 ἐπιστο-

160 1140 311 1188 λιμαῖοι
339 1142 587 1190 χαρακτῆρες.
622 1131 856 1189 ’Λνωνύμου
887 1136 995 1186 τινὸς
1023 1135 1124 1191 πρὸς
1143 1132 1405 1189 ‘Hpoenzstdnv
1434 1136 1519 1178 ἐπι-

160 1195 331 1237 στολικοὶ
361 1196 479 1236 τύποι
509 1194 678 1236 Libana·
706 1196 909 1246 Sophistae
944 1198 992 1238 de
1020 1197 1307 1237 conscribendis
1336 1198 1516 1247 epistolis.

162 1257 346 1297 Auctoris
370 1257 577 1296 cuiusdam
601 1258 738 1296 incerti
756 1257 811 1296 ad
829 1257 1081 1297 Heraclidem
1100 1257 1352 1307 epistolarum
1369 1259 1520 1306 fomu-

160 1317 232 1356 lae.
254 1317 418 1356 Βασιλεῖ
429 1311 463 1355 τ’
473 1314 616 1371 ἀγαθῷ
635 1319 808 1372 κρατερῷ
823 1314 855 1356 τ’
867 1316 1052 1371 αἰχμητῇ.
1067 1318 1239 1357 Parisiis
1252 1317 1384 1356 MDL
1395 1317 1517 1357 VIII.

159 1376 282 1426 Apud
309 1375 415 1416 Guil.
441 1376 654 1415 Moralium
677 1378 719 1415 in
746 1376 909 1416 Graecis
932 1377 1213 1426 typoqraphmn
1237 1377 1404 1427 Reyium
1428 1389 1518 1428 pro·

159 1436 237 1475 diit
266 1431 331 1488 (ε-
352 1431 477 1489 Mor),
508 1436 725 1475 editionem
748 1436 986 1488 principem,
1017 1449 1189 1487 quacum
1219 1438 1263 1475 in
1294 1437 1423 1477 forma
1453 1450 1516 1476 ex-

157 1497 273 1535 terna
292 1496 478 1544 concinit,
501 1508 574 1546 pro
594 1495 853 1536 fundamento
878 1496 1037 1547 quidem
1063 1496 1222 1546 habuit,
1250 1496 1319 1536 sed
1343 1497 1519 1547 complu-

159 1555 269 1595 ribus
295 1555 391 1594 locis
417 1568 464 1594 ex
487 1555 567 1595 alio
587 1555 721 1595 codice
740 1557 910 1595 correxit
935 1558 977 1595 et
994 1555 1145 1604 τύπους
1162 1554 1432 1604 immolante
1449 1555 1517 1595 ad-

160 1615 272 1654 didit.
300 1614 494 1654 Adhibita
518 1617 578 1654 est
603 1627 627 1654 a
648 1615 963 1665 Westermanno,
988 1616 1060 1666 qui
1085 1614 1190 1655 Guil.
1210 1616 1421 1655 Morellum
1445 1629 1519 1667 pro

158 1674 309 1714 editore
335 1674 489 1724 habuit,
514 1675 588 1714 sub
615 1675 749 1726 sigillo
768 1687 810 1724 p.
849 1674 974 1721 Quem
999 1677 1159 1716 secutus
1185 1688 1284 1715 sum.

221 1734 289 1774 61.
315 1734 503 1784 Repetite.
532 1737 574 1773 et
603 1734 783 1774 versione
814 1735 943 1774 latina
966 1735 1164 1775 instructa
1189 1737 1250 1775 est
1273 1735 1371 1774 haee
1394 1734 1519 1775 editio

160 1794 347 1846 Lugduni
375 1795 489 1834 1614
520 1795 653 1845 typis
684 1793 915 1834 Iohannis
940 1794 1191 1834 Iullieron.
1229 1794 1429 1845 Inscripta
1459 1797 1520 1834 est

158 1854 346 1893 similiter
371 1853 572 1906 Λιβανίου
604 1859 795 1904 σοφιστοῦ
825 1852 1108 1905 ἕπιστολιμαῖοι
1132 1860 1371 1907 χαρακτῆρες
1392 1854 1518 1894 Liba·

158 1915 220 1953 nii
241 1914 436 1962 sophistae
463 1914 716 1954 characteres
745 1915 814 1953 hoc
844 1917 899 1954 est
922 1914 1050 1953 Notae
1079 1917 1114 1953 et
1143 1915 1337 1962 formulae
1361 1914 1518 1963 Episto-

159 1972 302 2012 larum.
342 1972 400 2013 cf.
423 1973 692 2012 Weichertum
718 1987 755 2024 p.
777 1973 914 2013 LXXI.
952 1973 1064 2013 Nihil
1089 1978 1151 2013 est
1175 1986 1245 2013 cur
1270 1972 1519 2013 adhibeatur.

222 2033 290 2071 62.
310 2032 566 2072 Recensionis
587 2033 820 2073 Proelianae
845 2033 1031 2073 editionis
1056 2035 1198 2073 auctor
1221 2033 1357 2073 extitit
1380 2033 1519 2072 Ioan-

160 2104 242 2131 nes
266 2092 488 2144 Hartung
514 2092 790 2145 Friburgensis
816 2089 881 2147 (=
902 2088 1006 2146 Har)
1039 2093 1175 2132 iibello
1206 2094 1399 2143 inscripto
1420 2091 1519 2144 Περὶ

159 2157 229 2190 τοῦ
259 2149 529 2191 ἐπισταλτικοῦ
558 2157 801 2205 χαρακτῆρος
831 2153 1017 2192 Basileae
1048 2165 1083 2193 a.
1106 2153 1220 2191 1548
1253 2152 1372 2192 edito.
1415 2151 1520 2191 Usus

162 2213 223 2250 est
254 2211 387 2250 codiee
419 2212 598 2251 familiae
623 2213 665 2252 D
696 2225 814 2262 quem
846 2213 1047 2262 superiore
1079 2224 1183 2251 anno
1209 2225 1250 2251 se
1276 2224 1301 2251 a.
1325 2211 1519 2251 Michaele

162 2269 478 2310 Vuestermanno
503 2272 714 2322 accepisse,
738 2271 806 2311 sed
826 2285 944 2322 quem
963 2285 987 2310 a
1011 2284 1090 2311 non
1122 2272 1260 2322 paucis
1282 2271 1435 2310 mendis
1459 2284 1519 2310 re-

161 2332 376 2381 purgatum
395 2331 577 2370 emittere
595 2331 815 2371 destinasse
834 2332 874 2370 in
895 2332 1144 2382 praefatione
1163 2333 1346 2371 testatur.
1374 2330 1423 2370 In
1442 2330 1519 2370 fine

161 2388 339 2429 subiecta
365 2392 461 2429 sunt
488 2390 782 2444 παραδείγματα
814 2396 891 2430 τῶν
919 2388 1131 2430 ἐπιστολῶν
1162 2393 1204 2430 et
1234 2391 1407 2439 exempla
1439 2392 1520 2439 epi-

162 2448 351 2488 stolam
382 2462 409 2489 a
433 2451 598 2490 diversis
623 2452 793 2490 exercitii
819 2452 951 2499 qratia
978 2450 1123 2490 Latine
1152 2462 1337 2490 conversa
1364 2450 1388 2487 i.
1409 2463 1441 2488 e.
1463 2451 1518 2489 37
