1872 2924
364 221 418 264 38
457 220 639 257 LIBANII
664 221 747 265 QUI
773 222 1035 258 FERUNT-UR
1062 223 1411 261 CHARACTERES
1435 226 1700 265 EPISTOLICI

422 307 492 348 61.
505 305 857 362 Ἄπαρνητική.
886 306 1034 350 Οὐδὲν
1048 306 1293 364 εἰργασμαι,
1313 310 1510 364 βέλτιστε
1523 312 1714 368 ἀνδρῶν,

364 367 428 413 ὧν
459 370 656 425 ἀκηκοὼς
687 371 883 426 ἐγκαλεῖς
914 389 989 428 μοι
1016 374 1188 416 δεινῶν.
1233 375 1344 418 ὅθεν
1375 374 1513 430 μηδὲν
1538 382 1711 432 φαῦλον

364 437 522 490 φρόνει
546 436 646 490 περὶ
673 436 792 492 ἐμοῦ.
831 437 885 480 οὐ
911 439 994 493 γὰρ
1024 438 1154 492 θέμις
1179 440 1364 496 διαβολῇ
1390 442 1616 484 πιστεύειν
1641 444 1713 485 καὶ

364 502 487 558 φήμῃ
511 503 674 559 ματαία
698 503 837 557 μηδὲν
862 500 984 556 ὑγιὲς
1012 505 1213 563 λεγούσῃ.
1252 506 1437 561 διαβολὴ
1463 506 1547 560 γὰρ
1573 508 1712 562 μήτηρ

330 581 346 606 ε
366 564 458 608 ἐστὶ
482 566 689 621 πολέμου.

425 643 494 685 62.
521 647 1008 700 Παραγγελματική.
1046 647 1270 696 Πολλάκις
1289 646 1497 702 ἠδίκησας
1516 648 1595 691 τὸν
1613 648 1716 704 ἡμέ-

363 723 493 764 τερον
521 710 718 765 γεωργὸν
743 709 800 760 ὡς
825 711 883 765 μὴ
909 712 1141 765 γινώσκων
1165 712 1228 762 εἰς
1246 711 1357 766 ἡμᾶς
1383 712 1707 769 ἀνατρέχουσαν

364 774 446 827 τὴν
469 774 615 827 ὕβριν.
653 774 762 817 ἀλλὰ
787 781 953 818 παῦσαι
972 783 1053 818 τοῦ
1075 779 1249 831 λοιποῦ,
1274 778 1332 831 μή
1352 790 1402 820 σε
1421 776 1493 820 καὶ
1512 786 1589 832 τῆς
1606 793 1714 834 προ-

364 837 490 895 τέρας
517 837 688 890 ἀδικίας
712 840 843 895 δίκην
869 840 1216 896 εἰσπραξώμεθα.

313 929 346 955 ιο
426 906 500 957 63(
521 918 932 972 Μεταμελητική.
981 915 1095 960 Οἶδα
1132 917 1204 960 καὶ
1242 921 1444 974 σφαλείς,
1481 920 1539 970 ὡς
1575 927 1717 971 κακῶς

366 978 674 1036 διεπραξάμην.
705 983 776 1024 διὸ
791 984 1037 1037 μεταγνοὺς
1049 982 1121 1026 ἐπὶ
1135 989 1195 1041 τῷ
1213 984 1434 1038 σφάλματι
1448 987 1717 1042 συγγνώμην

366 1046 485 1088 αἰτῶ.
525 1043 576 1101 ἧς
607 1048 879 1101 μεταδοῦναί
906 1064 983 1103 μοι
1013 1049 1070 1103 μὴ
1102 1050 1381 1105 κατοκνήσῃς.
1426 1050 1600 1092 δίκαιον
1631 1050 1715 1107 γάρ

366 1110 458 1153 ἐστι
481 1112 805 1166 συγγινώσκειν
824 1115 1031 1156 πταίουσι
1051 1121 1143 1163 τοῖς
1165 1115 1324 1168 φίλοις,
1353 1115 1424 1156 ὅτε
1444 1115 1625 1169 μάλιστα
1645 1116 1715 1157 καὶ

367 1175 539 1226 ἀξιοῦσι
564 1177 826 1233 συγγνώμης
852 1185 1012 1234 τυχεῖν.

313 1268 345 1293 ιιι
426 1253 494 1295 64.
516 1252 875 1310 Ὀνειδιστική.
919 1257 1075 1299 Πολλὰ
1100 1257 1211 1298 καλὰ
1236 1256 1465 1307 πέπονθας
1489 1256 1569 1311 ὑφ’
1591 1257 1717 1312 ἡμῶν

366 1317 436 1361 καὶ
457 1319 668 1372 θαυμάζω
688 1318 792 1361 καθ’
812 1320 1077 1376 ὑπερβολήν,
1095 1328 1188 1371 πῶς
1208 1321 1391 1372 οὐδενὸς
1409 1322 1581 1364 τούτων
1598 1323 1716 1376 μνεί-

366 1400 422 1425 αν
439 1391 594 1440 ποιεῖς,
614 1384 725 1427 ἀλλὰ
743 1392 884 1435 κακῶς
903 1385 1014 1440 ἡμᾶς
1034 1385 1190 1440 λέγεις,
1209 1386 1316 1443 ὅπερ
1337 1386 1457 1430 ἐστὶν
1477 1386 1716 1442 ἀχαρίστου

365 1449 550 1504 γνώμης.
590 1450 632 1492 οἱ
664 1450 746 1504 γὰρ
774 1448 1002 1506 ἀχάριστοι
1028 1458 1118 1493 τῶν
1143 1454 1290 1494 καλῶν
1316 1451 1619 1508 ἀμνημονοῦσι
1644 1450 1717 1494 καὶ

366 1515 468 1564 τοὺς
493 1514 723 1570 εὐεργέτας
749 1515 808 1565 ὡς
833 1515 1024 1571 ἐχθροὺς
1048 1524 1191 1567 κακῶς
1211 1515 1281 1559 ἐπὶ
1301 1519 1475 1568 τούτοις
1495 1518 1718 1560 διατίθεν-

317 1594 349 1618 20
371 1594 452 1621 ται.

428 1694 446 1724 1
467 1696 539 1725 τῶν
560 1693 645 1726 ante
665 1692 815 1736 ἀνδρῶν
842 1693 877 1728 U
932 1697 951 1728 2
974 1691 992 1728 ὅ
1011 1706 1046 1728 τι
1066 1693 1144 1728 Har
1193 1694 1240 1738 μὴ
1263 1695 1389 1738 φατ’·λα
1404 1695 1443 1730 D
1456 1693 1533 1728 Har
1588 1697 1609 1727 3
1629 1690 1717 1728 οὐδὲ

369 1737 446 1774 ΡΗ
457 1737 544 1773 Wes
560 1738 633 1774 Her
681 1740 761 1786 καὶ]
778 1738 798 1785 ἢ
815 1740 887 1775 Hin
902 1740 985 1776 Wei
1053 1746 1073 1776 4
1088 1741 1241 1788 λεγούσῃ
1257 1741 1389 1786 scripsi
1402 1752 1484 1777 cum
1499 1741 1575 1776 Her
1587 1740 1718 1787 ἐχούσῃ

369 1784 454 1819 libri
472 1785 542 1820 rell
561 1786 634 1820 edd
683 1787 840 1834 διαβολὴ
855 1809 899 1813 —-
914 1792 934 1822 5
954 1787 1116 1834 πολέμου
1136 1788 1279 1824 cancell
1298 1788 1373 1824 Hin
1469 1791 1489 1824 6
1512 1789 1720 1834 παραγγελ-

367 1831 450 1876 τική
475 1833 617 1876 ΠΡαΒ,
643 1834 709 1870 ned
729 1835 767 1869 in
786 1836 856 1870 hoo
876 1849 926 1880 μα
945 1835 1045 1871 inser
1057 1836 1157 1880 rubr,
1177 1837 1217 1871 D
1235 1835 1523 1881 παραγγελιτικὴ
1543 1848 1588 1881 pr
1635 1833 1720 1880 ἠδί-

368 1891 486 1921 κησας
505 1881 544 1916 D
558 1880 636 1916 Har
733 1885 751 1918 7
769 1882 975 1926 ἄνθρωπον
996 1884 1071 1919 ΡΗ
1084 1883 1170 1919 Wes
1184 1884 1259 1919 Her
1307 1885 1502 1929 γινώσκειν
1534 1883 1610 1919 VU
1651 1882 1719 1927 τὴν

368 1927 478 1974 ὕβριν
503 1928 556 1969 εἰς
581 1928 677 1973 ἡμᾶς
702 1928 983 1975 ἀνατρέχουσαν
1002 1932 1085 1967 PH
1177 1934 1196 1965 9
1223 1929 1332 1972 δίκας
1350 1931 1446 1966 ΡαΒ
1459 1942 1504 1976 pr
1517 1930 1598 1965 Mor
1646 1930 1717 1965 εἰσ-

370 1974 566 2019 πράξωμεν
592 1977 649 2011 Ρα
675 1976 927 2022 εἰσπράξωμαι
952 1979 988 2014 Β
1008 1990 1053 2023 pr
1073 1978 1152 2014 Mor
1251 1982 1295 2013 10
1320 1977 1490 2024 ἐπιστολὴ
1522 1980 1720 2023 μεταμελη-

368 2022 451 2067 τικὴ
478 2023 515 2059 U
560 2020 659 2058 Οἶδα
687 2045 730 2050 -
760 2029 800 2059 11
828 2025 1087 2071 διεπραξάμην
1130 2022 1218 2061 οἶδα
1249 2025 1404 2071 σφαλεὶς
1428 2030 1551 2066 κακῶς
1576 2036 1615 2060 σε
1640 2026 1720 2061 δια-

370 2069 529 2113 θέμενος
542 2072 621 2107 ΡΗ
636 2070 721 2107 Wes
735 2071 812 2107 Her
859 2073 924 2108 καὶ
943 2083 1003 2108 om
1023 2074 1063 2108 D
1112 2084 1153 2108 ar
1234 2076 1274 2107 11
1297 2084 1336 2108 σε
1356 2073 1443 2107 ante
1463 2071 1721 2116 διεπραξάμην

370 2118 408 2152 D
433 2117 507 2152 Har
554 2118 622 2162 τὴν
653 2122 741 2154 ante
772 2119 832 2155 ἐπὶ
859 2121 936 2156 ΡΗ
959 2120 1042 2155 Wes
1062 2121 1137 2155 Her
1236 2124 1277 2155 12
1310 2116 1354 2163 ἧς
1382 2131 1443 2155 om
1475 2120 1727 2156 UPaBDPH

372 2165 447 2200 Har
461 2165 541 2200 Mor
558 2165 643 2201 Wes
657 2165 733 2202 Her
781 2165 824 2203 δέ
847 2170 934 2212 post
955 2169 1183 2212 μεταδοῦναι
1201 2168 1284 2204 ΡΗ
1294 2167 1381 2202 Wes
1395 2167 1470 2202 Her
1517 2180 1580 2212 μοι
1605 2177 1665 2202 om
1689 2166 1725 2202 U

429 2212 565 2257 ταύτης
588 2215 674 2257 post
699 2227 763 2259 μοι
783 2215 820 2250 D
836 2214 914 2249 Har
961 2214 1028 2250 διὰ
1051 2213 1117 2250 τὸν
1142 2215 1273 2259 κύριον
1297 2216 1383 2259 post
1401 2214 1633 2261 κατοκνήσῃς
1647 2214 1724 2250 PH

370 2260 450 2297 Mor
464 2259 551 2295 Wes
566 2260 641 2295 Her
715 2265 757 2296 13
777 2268 855 2301 τοῖς
873 2260 996 2306 φίλοις
1014 2260 1210 2298 πταίουσιν
1231 2263 1327 2298 ΡαΒ
1340 2273 1385 2308 pr
1398 2261 1477 2296 Mor
1551 2266 1594 2296 15
1606 2259 1723 2297 Ὀνει-

371 2306 516 2351 διστική
533 2328 581 2334 -
601 2312 645 2343 20
680 2307 917 2344 διατίθενται
952 2321 1013 2344 om
1051 2310 1179 2345 VPaB
1199 2321 1244 2355 pr
1351 2308 1478 2345 Πολλὰ
1499 2330 1543 2335 -
1565 2311 1610 2343 20
1640 2309 1722 2343 δια-

371 2356 542 2390 τίθενται
573 2366 634 2390 om
670 2356 708 2392 U
729 2356 803 2391 Hin
824 2356 908 2391 Wei
981 2357 1046 2392 καὶ
1078 2361 1165 2392 ante
1190 2356 1286 2392 καλὰ
1310 2357 1351 2392 D
1372 2357 1448 2391 Har
1563 2359 1609 2390 16
1632 2367 1723 2390 num

371 2401 495 2442 ὅπωςῖ
557 2402 704 2449 μνήμην
719 2404 760 2439 D
777 2404 853 2439 Har
864 2404 945 2439 Mor
1019 2408 1060 2439 17
1075 2409 1198 2444 κακῶς
1215 2405 1326 2451 ἡμᾶς]
1348 2403 1486 2444 κακοὺς
1499 2404 1538 2439 D
1551 2403 1630 2438 Har
1642 2402 1724 2438 Mor

436 2453 476 2484 19
502 2449 555 2491 εἰς
579 2452 665 2486 ante
689 2451 777 2491 τοὺς
801 2451 902 2486 inser
926 2451 1009 2486 coni
1036 2451 1124 2487 Wes
1173 2452 1327 2491 τούτους
1351 2451 1396 2485 Η
