1872 2924
309 244 394 286 218
610 241 977 279 PROLEGOMENA
1001 242 1067 278 AD
1096 242 1357 286 EPISTULAS

235 345 308 378 643
369 333 468 370 344.
485 331 874 381 Neapolitanus
891 330 979 370 ΠΕ
995 332 1080 370 207
1094 325 1220 384 (155)
1234 330 1364 370 bomb.
1378 344 1430 372 sc.
1443 331 1551 382 XIV,
1564 331 1660 371 olim

308 391 572 430 bibliothecae
594 389 1067 441 Augustinensium
1093 389 1132 430 S.
1151 390 1366 430 Ioannis
1390 390 1451 430 ad
1472 390 1663 430 Carbo-

309 451 507 490 nariam
531 444 977 503 Neapolitana01),
1001 450 1072 500 qui
1095 450 1187 500 post
1212 448 1395 501 Gregorii
1418 449 1556 500 Cyprii
1579 450 1663 501 epi-

310 510 435 550 stulas
457 509 524 549 fol.
547 510 777 548 299—301
799 508 1057 559 inscriptione
1074 509 1210 560 priva-s
1230 509 1389 548 exhibet
1410 510 1462 548 19
1487 511 1663 549 mutuas:

312 573 349 608 1.
373 569 438 607 15.
460 569 527 608 16.
548 570 586 607 7.
609 568 794 607 17-22.
816 569 942 606 2-4,
964 568 1121 607 8—10.
1143 569 1209 607 13.
1232 569 1299 608 14.
1322 570 1388 607 11.
1419 568 1510 607 Mea
1528 568 1663 619 gratia

311 629 506 678 excerpsit
528 628 575 668 R.
596 626 808 666 Schoener.

370 695 410 732 et
435 693 533 732 345.
564 693 855 732 Vaticanus
886 705 944 744 gr.
973 686 1100 745 926²)
1133 704 1184 732 sc.
1210 691 1286 731 XV
1309 693 1477 742 exeunt„
1503 692 1572 742 qui
1595 692 1665 731 fol.

313 753 515 791 96—191
548 753 592 790 in
622 752 760 803 ecloga
787 752 1051 802 epistularum
1076 751 1388 790 Libanianarum
1413 751 1485 791 sub
1510 764 1548 790 n.
1567 764 1666 796 κς-

310 807 370 859 λζ’
394 812 553 851 mutuas
577 811 652 850 hoc
675 810 841 861 praebet
864 811 1018 852 ordine:
1046 813 1083 850 1.
1113 813 1217 850 15—
1233 811 1299 850 18.
1327 811 1514 850 20—22.
1539 811 1666 849 2-4.

312 871 349 910 6.
377 872 415 909 9.
444 871 510 910 1’3.
539 872 606 910 10.
634 871 701 909 12.
730 871 796 909 11.
829 870 943 908 Inter
969 871 1022 909 22
1049 872 1090 909 et
1116 871 1140 909 2
1174 871 1308 909 autem
1338 870 1575 920 interposita
1606 871 1668 909 est

310 943 389 969 non
414 931 623 969 numerata
648 942 668 968 e
694 929 937 980 Rostgaardi
961 930 1193 981 apographo
1218 931 1263 968 ut
1280 928 1442 968 Libanii
1460 929 1580 978 edita,
1604 941 1666 968 re-

311 1002 405 1029 vera
424 990 568 1029 Basilii
592 1002 652 1039 ep.
674 983 803 1041 328⁸)
828 983 894 1041 (=
917 989 1029 1028 1557
1054 984 1146 1042 W.).
1181 989 1388 1039 Epistulae
1410 991 1463 1028 11
1491 989 1667 1028 succedit

311 1044 379 1099 λη’
403 1043 468 1102 (=
487 1048 573 1087 Lib.
594 1062 653 1099 ep.
675 1043 794 1101 371).

371 1114 482 1153 Inter
495 1116 548 1153 21
565 1116 606 1152 et
621 1114 674 1153 13
689 1115 773 1154 stat
785 1126 846 1163 ep.
858 1115 913 1152 22
930 1113 973 1152 in
986 1113 1230 1164 corpusculo,
1247 1112 1355 1163 quod
1367 1112 1531 1164 praebet
1543 1112 1666 1152 codex

240 1197 310 1229 644
374 1186 471 1224 346.
502 1184 754 1224 Lucensis
790 1185 901 1223 1427
935 1184 1059 1223 chart.
1084 1196 1136 1224 sc.
1162 1183 1275 1233 XVI,
1305 1184 1402 1223 olim
1432 1183 1668 1225 Lucchesini

316 1245 413 1294 139,
445 1246 514 1295 qui
543 1246 636 1295 post
660 1243 886 1284 Phalaridis
917 1243 1120 1294 epistulas,
1154 1243 1321 1283 Hesiodi
1351 1255 1485 1293 opera,
1514 1242 1669 1294 Ignatii

313 1304 469 1345 fabulas
498 1304 566 1344 fol.
591 1304 845 1342 106—113*
875 1303 1051 1342 continet
1081 1316 1220 1342 comm.
1240 1315 1301 1352 ep.
1323 1303 1450 1342 1—9.
1480 1302 1667 1342 15—22.

317 1364 382 1402 13.
412 1365 478 1403 14.
510 1365 572 1402 10.
602 1364 667 1402 12.
696 1358 807 1416 11⁴).
844 1361 1053 1413 Excerpsit
1081 1375 1171 1401 mea
1201 1361 1334 1414 gratia
1361 1374 1396 1401 a.
1419 1361 1532 1400 1897
1559 1361 1668 1400 Iose-

313 1423 417 1472 phus
441 1422 618 1462 Martini.

374 1488 483 1527 Inter
507 1501 566 1538 ep.
583 1488 636 1526 21
664 1490 706 1527 et
734 1489 786 1526 15
814 1487 946 1527 locum
971 1486 1124 1526 invenit
1148 1499 1209 1537 ep.
1225 1486 1278 1525 22
1304 1487 1348 1524 in
1373 1485 1619 1536 corpusculo,
1644 1497 1670 1523 a

314 1560 392 1597 quo
404 1548 493 1597 ipso
506 1547 644 1599 ecloga
659 1547 742 1586 267
764 1546 1029 1597 epistularum
1040 1545 1355 1585 Libanianarum
1372 1544 1527 1595 incipit,
1547 1557 1669 1595 quam

313 1606 479 1656 praebet
503 1606 626 1646 codex

376 1673 472 1711 347.
498 1671 889 1711 Laurentianus
908 1669 1059 1709 XXXII
1079 1664 1179 1724 37⁶)
1198 1666 1264 1723 (===
1278 1664 1330 1722 L)
1351 1680 1402 1709 sc.
1419 1668 1527 1707 XIV.
1564 1667 1672 1707 Sunt

318 1731 443 1769 1—6.
471 1731 508 1770 8.
536 1732 574 1770 9.
604 1731 789 1769 17-22.
818 1731 885 1769 15.
914 1731 979 1770 16.
1008 1730 1074 1769 13.
1102 1730 1168 1768 14.
1198 1731 1264 1768 11.
1294 1730 1359 1767 12.
1396 1727 1558 1778 Inspexi
1582 1729 1624 1766 et
1647 1740 1668 1766 e

314 1792 428 1840 parte
453 1789 615 1829 contuli.

374 1855 486 1894 Inter
511 1857 534 1894 7
557 1857 598 1894 et
619 1857 673 1895 15
693 1857 776 1895 stat
793 1867 853 1905 ep.
875 1855 930 1893 22
949 1855 992 1893 in
1012 1854 1149 1906 ecloga
1167 1854 1412 1902 mutuarum,
1437 1864 1555 1902 quam
1576 1852 1671 1901 post

315 1914 589 2023 {gssggzessgt
609 1915 872 1964 epistularum
895 1912 1208 1952 Libanianarum
1239 1925 1260 1951 e
1286 1911 1565 1962 Lacapeniana
1587 1910 1670 1949 fac·

378 2039 476 2077 348.
502 2038 777 2078 Parisinus
796 2050 853 2088 gr.
876 2038 983 2076 2661
999 2031 1034 2090 ⁶)
1054 2037 1123 2076 fol.
1147 2036 1411 2076 199—200'.
1449 2034 1552 2074 Sunt
1575 2035 1610 2076 1.
1632 2035 1669 2074 7.

320 2099 385 2136 22.
414 2097 481 2136 15.
510 2098 575 2136 16.
605 2098 790 2136 18—21.
819 2097 885 2136 10.
913 2097 951 2135 9.
988 2095 1158 2147 Inspexi.

379 2213 411 2254 1)
425 2210 467 2245 In
478 2210 604 2246 indice
612 2209 782 2245 Bassiano
789 2212 863 2256 (ap.
872 2208 1268 2245 Fabricium—Harlee
1280 2207 1372 2243 bibl.
1379 2205 1471 2254 gr.V
1479 2209 1561 2252 796)
1568 2206 1628 2242 eat
1635 2209 1667 2240 6.

378 2266 413 2308 2)
439 2263 492 2300 cf.
512 2265 538 2300 t.
557 2262 609 2298 IV
634 2267 703 2299 302
727 2275 764 2298 ιι.
788 2266 854 2298 143
880 2264 920 2298 et
943 2273 1060 2308 supra
1082 2274 1118 2308 p.
1134 2265 1179 2297 68
1204 2273 1241 2298 ιι.
1259 2265 1313 2297 13.

378 2320 413 2361 3)
433 2317 578 2353 Pariter
594 2316 694 2352 inter
707 2316 839 2352 Basilii
859 2317 898 2352 et
910 2315 1058 2352 Libanii
1076 2317 1228 2351 mutuas
1246 2314 1388 2361 legitur
1404 2313 1445 2349 in
1457 2313 1540 2351 cod.
1553 2314 1671 2349 Aure-

317 2364 478 2400 lianensi
504 2367 536 2400 ³.
571 2363 625 2400 cf.
645 2363 744 2399 infra
767 2376 804 2399 n.
824 2367 906 2400 392.

378 2420 415 2463 4)
439 2418 564 2462 Festa.
589 2417 699 2453 Studi
722 2417 808 2453 Ital.
828 2416 868 2452 di
893 2415 982 2453 filol.
1002 2415 1112 2452 class.
1131 2415 1164 2452 V
1183 2419 1265 2452 223.

378 2473 413 2514 5)
439 2470 560 2516 Supra
583 2482 621 2516 p.
643 2474 711 2506 123
735 2482 772 2506 ιι.
792 2473 848 2505 94.
995 2471 1030 2510 6)
1056 2469 1177 2515 Supra
1201 2481 1239 2514 p.
1260 2472 1328 2504 142
1352 2480 1389 2503 n.
1411 2470 1490 2503 128.
