1872 2924
320 229 407 271 202
622 228 716 264 PRO
722 228 988 265 LEGOMENA
1017 229 1080 265 AD
1097 230 1367 281 ‚EPISTULAS

319 317 362 355 in
387 316 545 355 Libanii
570 329 708 356 comm.
729 331 788 368 ep.
810 311 855 357 13
881 319 921 357 et
939 318 1081 357 Basilii
1109 331 1296 369 responso
1317 312 1377 359 14.
1411 320 1516 360 Nam
1541 323 1582 361 et
1603 321 1671 361 hic

320 379 496 415 tenorem
523 376 683 426 quidem
709 377 970 426 epistularum
995 379 1169 417 servavit
1187 378 1369 429 demptis,
1396 392 1497 430 quae
1516 380 1568 419 ad
1585 393 1670 420 rem

319 436 449 474 facere
468 448 548 474 non
565 431 848 489 viderentur¹)‚
866 437 1084 486 paucisque
1103 437 1146 475 in
1164 437 1337 477 dictione
1356 439 1531 478 mutatis.
1562 439 1673 480 Inter

320 495 417 534 haec
442 497 575 533 autem
600 496 703 544 sunt,
729 508 830 544 quae
854 496 972 545 plane
998 495 1048 534 ab
1070 508 1145 534 usu
1164 495 1384 536 Libaniano
1403 498 1602 548 recedant,
1625 501 1673 538 ut

320 549 527 606 53:191)on
562 558 702 604 στῆναι
732 553 831 606 πρὸς
858 552 932 606 τὴν
962 554 1117 606 αἴτησιν
1146 568 1218 605 pro
1250 569 1308 605 eo,
1339 557 1448 607 quod
1478 559 1539 597 est
1562 557 1673 609 apud

323 612 541 663 Stagirium
569 612 736 665 ἰσχυρῶς
761 611 944 665 ἐνστῆναι
968 613 1067 662 πρὸς
1091 613 1164 666 τὴν
1188 611 1398 669 αἴτησινῧ).

383 672 524 722 Aequa
543 673 753 712 intercedit
770 673 874 712 ratio
895 674 998 712 inter
1009 686 1149 713 comm.
1166 687 1225 724 ep.
1241 670 1267 715 8
1284 675 1457 714 Basilii
1469 677 1674 726 personati

321 735 361 770 et
379 730 602 782 Gregorii
621 732 795 782 episcopi
815 732 1028 783 epistulam
1042 733 1125 773 cod.
1139 733 1343 773 Patmiaco
1363 737 1562 774 servatam
1581 737 1623 774 et
1648 748 1673 774 a

320 791 473 830 Maasio
497 791 524 829 1.
544 791 570 830 1.
593 792 676 830 994
698 787 1002 844 publicatam4).
1037 793 1176 832 Finem
1195 793 1305 832 illius
1324 794 1605 844 praetermisit,
1628 795 1672 833 in

321 850 487 900 reliquis
506 851 748 900 paucissima
767 851 954 891 mutavit.
980 851 1134 891 Iniuria
1153 852 1339 891 Seeckius
1353 854 1438 892 469
1459 854 1672 904 epistulam

322 910 424 948 hanc
449 921 589 949 comm.
610 922 670 960 ep.
691 906 714 948 7
740 910 975 960 respondere
1000 911 1215 962 contendit,
1239 925 1333 950 nam
1358 913 1402 950 in
1425 912 1499 952 hac
1523 913 1674 952 frustra

320 968 363 1008 τὸ
389 967 458 1020 ἔαρ
483 974 554 1021 τῆς
578 967 822 1020 εὐγλωττίας,
848 970 998 1009 frustra
1022 968 1204 1018 ἀκάνθας
1229 984 1404 1021 quaeres.

380 1028 496 1067 Aliae
527 1028 717 1067 maiorem
751 1029 978 1069 libertatem
1014 1030 1240 1069 ostendunt.
1284 1031 1481 1070 Extremis
1514 1032 1674 1070 tantum

321 1087 574 1126 lineamentis
592 1088 760 1126 formam
782 1101 831 1138 ep
867 1090 920 1127 14
942 1088 1128 1128 Iuliani
1148 1089 1199 1127 ad
1218 1089 1432 1129 Libanium
1451 1090 1567 1129 datae
1587 1090 1673 1129 red-

322 1146 382 1185 dit
407 1159 546 1186 comm.
567 1160 627 1197 ep.
650 1150 702 1187 19
731 1147 887 1193 Basilii,
919 1150 964 1187 ut
987 1148 1091 1189 vidit
1114 1149 1291 1188 Maasius
1320 1151 1446 1188 1122.
1491 1148 1674 1188 of.1u1i-

323 1206 391 1245 ani
421 1207 543 1245 verba
573 1204 750 1259 ἀνέγνων
781 1201 918 1260 χθὲςῧ)
950 1205 1019 1247 τὸν
1049 1207 1168 1261 λόγον
1200 1211 1241 1247 et
1270 1208 1461 1260 μακάριος
1491 1204 1529 1248 εἶ
1549 1206 1675 1261 λέγειν

322 1264 440 1314 οὕτω,
465 1268 612 1316 μᾶλλον
631 1263 673 1305 δὲ
693 1280 858 1318 φρονειν
877 1266 979 1306 οὕτω
1000 1266 1232 1318 δυνάμενος.
1266 1263 1297 1307 ὦ
1317 1266 1445 1321 λόγος,
1469 1263 1501 1308 ὦ
1520 1267 1676 1320 φρένες,

322 1319 354 1363 ὦ
375 1320 621 1377 σύνθεσις,
597 1341 628 1365 ω
642 1320 886 1377 διαίρεσις,”
861 1341 893 1366 ω
906 1324 1181 1378 ἐπιχειρήματα
1194 1329 1271 1366 κτλ.
1285 1339 1374 1366 cum
1388 1339 1516 1366 comm
1541 1340 1601 1378 ep.
1616 1322 1675 1367 19.

381 1384 520 1435 Neque
552 1397 646 1424 casu
669 1385 823 1423 factum
847 1397 932 1425 esse
957 1387 1106 1436 potest,
1131 1386 1237 1436 quod
1263 1399 1403 1425 comm.
1423 1399 1482 1436 ep
1504 1379 1549 1426 15
1570 1388 1611 1425 et
1628 1382 1675 1425 16

322 1442 463 1482 iisdem
488 1443 619 1483 verbis
643 1444 842 1495 incipiunt
866 1447 986 1495 atque
1006 1445 1166 1484 Libanii
1190 1458 1250 1496 ep.
1272 1447 1358 1485 590
1380 1448 1421 1485 et
1439 1458 1541 1496 quae
1560 1445 1675 1484 illam

322 1502 365 1540 in
385 1502 424 1541 V
449 1503 632 1553 sequitur
665 1505 768 1554 5923
799 1503 869 1543 sed
899 1517 959 1554 ep.
983 1506 1035 1543 16
1063 1506 1186 1543 etiam
1210 1505 1380 1544 aliarum
1403 1504 1675 1544 imitationum

324 1562 443 1611 plena
474 1565 544 1601 est.
583 1561 641 1602 Cf.
674 1563 794 1602 verba
825 1576 884 1614 ep.
909 1565 960 1602 16
994 1562 1043 1603 σὺ
1075 1561 1118 1603 δὲ
1143 1564 1575 1611 σκῶπτε-σπουὸάζων
1599 1562 1678 1617 (ΧῙ

324 1621 423 1670 590,
451 1623 666 1672 10-591,
698 1618 739 1675 1)
765 1634 855 1662 cum
881 1623 1012 1663 verbis
1039 1622 1264 1675 Gregorii
1288 1623 1382 1662 Naz.
1403 1625 1446 1662 in
1469 1623 1587 1663 initio
1613 1636 1673 1674 ep.

323 1683 350 1718 4
384 1680 435 1718 ad
467 1681 660 1720 Basilium
692 1680 742 1721 σὺ
773 1679 845 1732 μὲν
876 1687 1025 1722 σκῶπτε
1055 1680 1118 1722 καὶ
1154 1681 1316 1736 &dovea-
1340 1680 1388 1722 τὰ
1412 1679 1578 1734 ἡμέτερα
1601 1682 1675 1722 εἴτε

384 1796 419 1840 1)
446 1794 582 1839 Opinio
613 1796 802 1832 contraria
830 1795 1090 1839 Markowskii
1123 1796 1210 1832 Betl
1254 1796 1349 1832 Phil.
1370 1796 1419 1832 W
1451 1800 1562 1838 1918
1583 1799 1675 1832 1152

323 1844 362 1878 et
391 1842 525 1878 Laubii
554 1847 620 1887 44,
651 1844 856 1879 secundum
885 1855 999 1888 quam
1031 1825 1216 1890 epistulae
1244 1844 1384 1880 codicis
1415 1843 1597 1880 Patmiaci
1627 1844 1677 1879 ad

323 1890 527 1972 θιοιιιὶιρίἓτι
543 1892 758 1927 mutuarum
786 1891 1017 1937 compositae
1042 1893 1140 1935 sunt,
1172 1890 1414 1928 difficultates
1439 1891 1631 1938 praebet·
1619 1903 1678 1926 ιιι-

323 1949 395 1983 exp
427 1948 471 1973 ca
499 1950 512 1972 1
530 1949 578 1973 es.

384 1988 420 2029 2)
447 1984 527 2020 Vox
559 1986 714 2031 ἔξαρνος
744 1985 793 2021 ab
819 1997 889 2021 usu
915 1985 1065 2021 Libanii
1091 1985 1217 2022 aliena
1239 1988 1308 2022 est.
1346 1986 1402 2021 De
1426 1986 1536 2031 frgm.
1556 1989 1603 2022 84
1628 1985 1676 2021 cf.

323 2043 439 2078 supra
462 2044 487 2078 p
520 2036 588 2068 186
614 2045 648 2068 ιι
670 2037 750 2069 264.

384 2083 419 2123 3)
444 2079 611 2116 Maasius
635 2080 675 2116 in
700 2082 807 2116 textu
832 2080 1079 2126 epistularum
1099 2080 1256 2125 Stagirii
1275 2080 1520 2126 Gregoriique
1538 2080 1679 2116 consti-

322 2127 464 2163 tuendo
486 2127 616 2163 multis
635 2127 727 2164 locis
746 2128 858 2164 lect-io
838 2140 947 2164 onem
965 2128 1045 2164 cod.
1068 2127 1252 2164 Patmiaci
1270 2127 1411 2164 iniuria
1429 2129 1570 2173 sprevit
1588 2138 1679 2173 prae

324 2175 477 2218 mutuis,
510 2175 610 2211 velut
640 2175 804 2211 tenenda
834 2178 942 2211 erant
971 2175 1011 2211 in
1043 2175 1198 2222 Stagirii
1229 2175 1390 2220 epistula
1412 2174 1678 2220 παρελήλυθας

324 2222 412 2263 τοὺς
442 2202 586 2266 ἅὶλους,
617 2220 721 2259 εἶπεν
745 2222 855 2265 ἄλλος
879 2222 1057 2268 σοφιστὴς
1080 2224 1219 2269 μᾶλλον
1245 2221 1266 2268 ἢ
1290 2222 1471 2269 χάρακας,
1497 2222 1677 2268 ἐγκαλλω-

324 2269 520 2314 πιζόμενος
543 2275 621 2312 τοῖς
645 2268 668 2315 ῥ’
673 2269 851 2316 ηματίοις,
875 2269 993 2330 δοίης,
1017 2270 1057 2305 in
1077 2270 1248 2316 Gregorii
1267 2269 1619 2316 ἀποχαρακούμενοι
1637 2268 1678 2304 δί

325 2318 483 2353 ἐπιστολ
475 2316 604 2362 μαίας
627 2318 831 2363 δυνάμεως,
856 2316 1017 2363 ἐποίησε,
1042 2319 1221 2363 δοθῆναι.

384 2368 420 2408 4)
440 2364 511 2400 Vel
530 2365 590 2400 hic
611 2365 772 2401 Maasius
796 2365 959 2402 debebat
977 2376 1000 2400 a
1019 2367 1126 2401 textu
1144 2364 1295 2401 exulare
1313 2364 1442 2400 iubere
1459 2377 1556 2408 τινα,
1576 2363 1678 2409 quod

327 2412 871 2505 ²³23⁰11353123²132321²203b322
893 2460 1063 2496 meum.
