1872 2924
351 224 373 265 ς
394 223 449 257 16.
488 219 554 256 Dm
578 218 731 257 coma.
751 218 823 256 ΕΡ.
844 212 881 256 3.·
898 222 931 255 4.
951 222 985 255 e.
1006 222 1040 255 τ.
1063 223 1118 256 ιο.
1142 222 1197 255 is.
1220 221 1360 255 17—28
1449 218 1540 262 205

169 312 213 350 et
225 309 466 362 Pasqualius
485 320 625 349 comm.
645 321 706 359 ep.
724 310 776 348 17
790 309 898 348 —22
917 308 1147 359 suppositas
1166 319 1251 349 esse
1271 310 1537 360 agnoverunt.

171 369 252 411 Sed
274 382 325 410 ne
348 369 546 410 Basilium
571 367 731 420 quidem
753 368 945 420 Magnum
970 380 1151 419 unquam
1170 367 1339 408 Libanio
1364 368 1536 419 scriptu·

170 443 260 470 rum
283 429 406 470 fuisse
431 428 531 468 mihi
555 429 748 480 persuasi,
773 428 881 480 quod
905 430 1144 478 personatus
1169 440 1308 468 comm.
1330 440 1391 478 ep.
1414 430 1470 467 10
1492 426 1537 468 τὸ

171 487 227 542 μὴ
258 485 638 542 συνεχῶς-ἀμαθία
663 483 784 542 (583,
808 489 861 527 17
882 482 974 542 sq.),
1006 487 1048 527 in
1073 500 1155 539 qua
1178 487 1303 528 etiam
1326 487 1536 528 circumlo-

168 549 279 590 cutio
312 548 559 600 pronominis
593 548 816 599 personalis
849 545 924 599 τὴν
958 545 1035 599 σὴν
1066 547 1277 588 παίδευσιν
1307 559 1332 587 a
1363 546 1536 588 Libanio

170 609 304 649 aliena
328 610 400 658 est,
428 608 503 658 vel,
527 610 574 648 ut
598 609 745 647 iterum
770 607 986 658 epistulam
1011 620 1114 658 quae
1139 607 1337 647 succrevit
1356 610 1536 660 tangam,

170 682 232 720 ep.
255 670 309 708 22
336 667 375 708 τί
396 666 471 722 γὰρ
493 664 715 718 ἂν-φιλῶς
740 663 861 719 (595,
883 663 1031 721 7—9).

231 728 415 779 Denique
439 741 488 767 ne
514 727 724 768 consilium
750 726 923 778 quidem,
950 740 1028 778 quo
1048 727 1146 767 haec
1164 726 1429 778 epistularum
1448 739 1534 766 mu-

169 790 331 827 tuarum
357 787 516 840 sylloga
539 782 726 842 (1—21)
751 786 847 827 ficta
871 789 943 835 est,
974 788 1088 826 latet.
1123 787 1277 826 Auctor
1302 786 1387 826 eius
1414 787 1536 826 vesti-

171 848 249 899 giis
279 848 469 887 insistens
499 847 694 887 orationis
720 847 863 887 Basilii
893 845 993 899 πρὸς
1023 845 1117 894 τοὺς
1144 844 1259 894 νέους
1285 845 1392 894 ὅπως
1416 843 1470 885 ἂν
1494 844 1535 893 ἐξ

164 902 409 959 Ἑλληνικῶν
434 905 651 958 ὠφελοῖντο
677 905 819 960 λόγων,
850 919 955 957 quae
981 908 1106 946 etiam
1130 907 1171 945 in
1198 907 1403 946 nonnullis
1427 905 1535 946 codi-

169 966 300 1017 cibus,
330 967 441 1007 velut
473 966 589 1007 Laut.
611 966 717 1006 Lxx
746 968 819 1013 13,
851 965 974 1006 Paris.
997 967 1125 1016 2755,
1153 965 1281 1007 Vatic.
1305 967 1419 1006 1534
1445 977 1536 1005 suc-

169 1026 289 1078 cedit,
323 1029 370 1066 ut
402 1026 732 1078 eloquentiam
767 1026 1087 1066 christianam
1125 1026 1304 1066 Basilii
1339 1025 1396 1065 ab
1430 1026 1534 1065 eth-

169 1087 279 1126 nica
302 1086 519 1137 Libanii,
543 1087 580 1126 si
597 1086 752 1126 radices
773 1090 1030 1137 quaerantur,
1057 1098 1148 1126 non
1168 1085 1427 1135 diversam,
1451 1085 1534 1125 sed

168 1159 349 1197 parem,
375 1147 490 1197 quin
516 1147 661 1186 etiam
683 1146 983 1196 superiorem
1008 1158 1110 1186 esse
1130 1145 1429 1194 ostenderet,
1453 1157 1534 1185 non

168 1206 300 1247 solum
324 1208 479 1246 artam
503 1206 632 1246 inter
657 1208 914 1257 utrumque
933 1205 1088 1246 virum
1109 1206 1389 1245 litterarum
1409 1217 1533 1245 com-

169 1265 438 1306 munionem
466 1265 831 1317 amicitiamque
858 1265 1027 1315 fuisse,
1050 1264 1121 1306 sed
1139 1266 1264 1305 etiam
1283 1278 1307 1304 a
1326 1264 1534 1304 Libanio

168 1326 276 1377 ipso
301 1325 509 1376 palmam
533 1325 792 1365 facundiae
817 1324 1007 1366 Basilio
1032 1337 1308 1365 concessam
1334 1337 1436 1365 esse
1461 1324 1533 1363 fln—

168 1380 286 1438 xit¹).
317 1385 533 1437 Postquam
554 1397 648 1425 vero
668 1385 838 1437 sylloga,
856 1387 904 1425 ut
922 1385 1000 1425 loci
1016 1385 1126 1425 vitae
1140 1385 1277 1424 Severi
1291 1384 1534 1424 Antiocheui

169 1457 196 1483 a
229 1445 422 1485 Zacharia
453 1444 691 1485 scholastico
723 1444 972 1496 conscriptae
1011 1447 1053 1484 et
1086 1444 1379 1496 Theophylacti
1405 1443 1534 1484 Simo-

167 1507 302 1544 cattae
326 1517 448 1556 supra
466 1518 506 1556 p.
529 1506 612 1545 197
633 1504 790 1544 laudati
808 1504 964 1554 docent,
990 1504 1028 1543 in
1050 1505 1227 1556 gratiam
1245 1504 1357 1543 venit
1375 1503 1534 1544 christi-

169 1576 338 1604 anorum
369 1564 623 1615 eloquentiae
654 1564 938 1614 studiosorum,
969 1564 1088 1604 facile
1112 1563 1199 1604 fieri
1223 1564 1372 1616 potuit,
1402 1565 1449 1603 ut
1474 1564 1533 1603 in-

166 1626 370 1664 crementa
401 1626 572 1675 caperet.
609 1624 676 1664 Ita
705 1637 786 1665 non
811 1625 940 1664 solum
966 1623 1211 1664 Libanianae
1236 1637 1296 1674 ep.
1319 1625 1418 1664 501.
1445 1623 1531 1663 647

169 1684 375 1723 immixtae
406 1686 511 1735 sunt,
541 1683 612 1724 sed
642 1684 766 1724 etiam
797 1697 924 1724 novae
955 1685 1236 1723 succreverunt
1266 1697 1327 1735 ep.
1355 1685 1423 1725 22.
1457 1684 1532 1733 23,

167 1743 284 1784 aliae.
321 1743 499 1790 Quarum
522 1744 668 1783 ultima
694 1744 748 1783 26
777 1745 899 1783 etiam
924 1744 1199 1784 recentissima
1218 1742 1391 1784 videtur.
1426 1743 1533 1782 Nam

166 1803 210 1843 in
228 1815 329 1856 gyro
349 1803 510 1854 quidem
528 1803 732 1843 amicitiae
752 1803 977 1843 affirmatae
997 1810 1118 1855 atque
1138 1802 1382 1843 adulationis
1401 1815 1532 1854 perse-

169 1864 337 1912 veravit,
363 1865 489 1903 artem
516 1875 612 1904 vero
636 1876 686 1902 ne
709 1863 956 1914 reliquarum
984 1863 1143 1914 quidem
1163 1863 1428 1914 epistularum
1447 1874 1533 1902 cor-

168 1923 327 1973 pusculi
347 1922 551 1974 aequavit.
584 1923 758 1963 Basilius
776 1924 884 1963 enim
902 1926 1139 1974 personatus
1158 1935 1244 1964 sese
1262 1923 1424 1974 quidem
1440 1934 1531 1962 cum

169 1995 271 2032 cera,
297 1982 510 2022 Libanium
536 1995 627 2022 cum
653 1983 735 2023 sole
760 1984 979 2034 comparat,
1005 1983 1222 2035 imaginem
1246 1995 1340 2022 vero
1359 1981 1407 2021 de
1427 1981 1532 2021 Icari

168 2042 245 2082 alis
270 2045 471 2093 sumptam
495 2043 681 2094 persequi
705 2043 843 2083 nescit.

231 2162 290 2201 Ac
319 2161 605 2212 primarium
635 2162 824 2214 quidem
865 2162 1199 2213 corpusculum
1234 2161 1531 2212 complexum

168 2223 247 2260 est
279 2221 524 2272 epistulas
557 2214 695 2262 1-21,
746 2221 861 2269 Quod
896 2223 1071 2272 primum
1103 2234 1177 2272 per
1212 2233 1254 2262 se
1292 2220 1532 2268 constitisse,

168 2281 257 2319 tum
276 2281 578 2322 collectionibus
598 2281 859 2332 epistularum
880 2281 1191 2331 Basffianarum,
1211 2281 1419 2332 aliquanto
1438 2282 1533 2332 post

231 2372 265 2418 1)
290 2370 434 2408 Similis
464 2371 613 2408 consilii
643 2372 684 2408 in
715 2371 963 2427 epistularum
991 2372 1088 2409 inter
1113 2372 1327 2408 Senecam
1353 2372 1392 2407 et
1418 2370 1531 2406 Pau·

168 2417 260 2454 lum
284 2421 499 2456 mutuarum
525 2419 704 2475 figmento
731 2418 949 2474 apparentis
975 2419 1191 2456 meminisse
1216 2419 1334 2462 iuvat,
1366 2418 1467 2464 quod
1492 2420 1532 2454 et

167 2465 293 2512 ipsum
318 2467 504 2513 paulatim
529 2467 760 2504 incrementa
785 2467 929 2514 cepisse
952 2467 1149 2513 probabile
1174 2468 1242 2504 eet.
