1872 2924
352 220 434 265 102
650 221 1016 259 PROLEGOMENA
1042 222 1108 258 AD
1133 222 1394 261 EPISTULAS

346 309 468 350 ἐστὸν.
497 310 573 350 Sed
599 310 785 349 ultimam
805 311 923 350 huius
946 304 1190 351 collectionis
1210 312 1424 363 epistulam
1444 308 1572 367 (300)
1597 327 1702 366 quae

347 372 388 409 in
407 369 515 409 linea
534 371 679 420 quarta
698 370 765 409 fol.
782 372 837 409 58
857 370 1005 409 desinit
1026 371 1250 420 sequuntur
1267 372 1335 412 fol.
1357 373 1531 412 59—74
1551 374 1702 424 epistu-

348 430 410 468 lae
425 429 483 468 30
501 428 550 468 de
570 429 713 480 quibus
733 429 806 468 sub
826 442 932 468 num.
948 431 1003 468 32
1024 429 1119 468 dixi.
1150 429 1198 469 In
1222 430 1299 469 fine
1327 431 1521 482 epistulae
1539 432 1706 472 ultimae

350 506 479 562 (ρμβ’)
505 512 653 564 legitur
686 511 924 562 subscriptio
944 510 1152 564 ἐτελειώθη
1177 515 1229 568 τῷ
1244 511 1402 567 ,αῷξζω,
1427 487 1551 554 σεπξὲ
1575 501 1618 554 5.
1644 513 1704 554 ἰν-

349 595 554 642 ὄικτιῶνος
568 575 686 646 ι’ἷῗεῑ).
699 593 882 634 Codicem
891 594 1056 635 Carolus
1067 594 1200 634 Graux
1210 608 1361 647 egoque
1377 597 1704 638 examinavimus.

407 654 598 694 Eiusdem
635 655 757 704 atque
781 653 813 693 S
840 653 1072 707 propaginis
1103 656 1197 693 sunt
1227 656 1348 694 etiam
1373 655 1526 696 codices
1552 657 1622 707 qui
1645 668 1703 696 se-

349 715 545 764 quuntur:

276 792 344 824 509
408 785 476 824 62.
496 787 532 823 1.
543 784 809 824 Vaticanus
826 797 884 836 gr.
895 785 980 824 945
992 780 1108 839 (olim
1122 780 1257 839 1002)
1270 785 1430 825 membr.
1443 787 1594 826 formae
1607 788 1703 826 sext.

346 843 428 883 dec.
442 856 494 883 sc.
506 844 591 893 XV,
611 843 681 894 qui
694 843 764 883 fol.
777 845 949 883 1—147
971 844 1245 884 collectionem
1263 845 1525 896 epistularum
1537 855 1580 885 σε
1611 858 1702 886 con-

348 902 462 942 tinet.
475 903 683 942 Praecedit
691 903 809 950 πίναξ
820 908 899 942 τῶν
910 901 1124 943 ἐπιστολῶν
1136 903 1331 955 λιβανίου.
1351 904 1529 944 Primum
1540 917 1702 957 prorsus

347 975 437 1001 cum
459 962 492 1002 S
513 963 713 1002 consentit
744 956 900 1015 (οι-θ’
935 964 975 1001 et
1005 956 1208 1015 ιζ’-κδ’),
1237 965 1322 1002 tum
1355 976 1435 1003 non
1466 964 1598 1004 solum
1620 977 1703 1004 ma-

347 1035 468 1073 gnam
484 1024 641 1072 partem
663 1022 926 1072 epistularum
945 1021 1234 1072 praetermisit,
1258 1022 1326 1062 sed
1344 1024 1467 1062 etiam
1489 1023 1540 1062 ab
1565 1023 1703 1063 ordine

346 1081 466 1120 huius
486 1081 631 1121 codicis
650 1081 770 1131 plane
791 1082 953 1121 recessit
976 1083 1017 1120 et
1040 1081 1159 1121 initio
1183 1093 1286 1131 raro,
1310 1082 1595 1133 pedetemptim
1622 1095 1704 1122 cre-

348 1140 477 1190 brius,
503 1140 672 1191 denique
697 1141 778 1179 fere
799 1140 1049 1180 continenter
1074 1140 1174 1180 alias
1194 1142 1235 1180 et
1251 1142 1358 1181 inter
1375 1141 1447 1181 has
1466 1135 1554 1196 (ρβ)
1580 1155 1702 1182 unam

347 1198 627 1239 Phalarideam
641 1194 706 1252 (--
722 1201 837 1239 1574
851 1196 934 1252 W.)
948 1212 1148 1251 unamque
1165 1201 1249 1240 760
1262 1200 1323 1240 bis
1334 1200 1406 1239 sub
1425 1214 1462 1239 n.
1477 1195 1547 1253 ριέ
1566 1203 1607 1240 et
1619 1197 1704 1253 ρπέ

346 1259 556 1308 immiscet,
571 1258 645 1298 etsi
659 1259 733 1298 hae
747 1272 906 1310 quoque
918 1259 1010 1299 inde
1030 1272 1054 1297 a
1073 1253 1157 1311 poy'
1176 1271 1301 1310 usque
1320 1259 1372 1299 ad
1391 1257 1449 1312 oy'
1468 1256 1588 1314 (401.
1603 1261 1701 1300 415.

350 1319 446 1358 608.
474 1320 572 1359 634.
603 1319 700 1358 644.
728 1319 825 1358 648.
853 1319 951 1358 649.
978 1319 1076 1358 675.
1105 1319 1201 1359 689,
1232 1320 1328 1358 723.
1356 1320 1453 1359 740.
1480 1320 1578 1360 751.
1607 1320 1704 1360 795.

349 1379 446 1418 807.
467 1379 565 1418 866.
587 1379 684 1417 894.
706 1379 803 1417 914.
819 1379 916 1417 923.
933 1379 1029 1417 762.
1046 1378 1142 1417 933.
1158 1379 1252 1417 946.
1271 1379 1369 1419 952.
1382 1379 1479 1418 983.
1494 1380 1592 1419 987.
1605 1379 1702 1418 998.

350 1439 475 1477 1017.
497 1438 624 1478 1041.
649 1438 772 1476 1056.
796 1438 922 1476 1054.
945 1432 1080 1490 1085)
1114 1438 1290 1488 corporis
1317 1438 1495 1478 ordinem
1520 1437 1701 1477 reddunt.

348 1497 555 1547 Specimen
573 1497 867 1549 neglegentiae,
887 1509 966 1547 qua
985 1496 1173 1535 librarius
1193 1498 1297 1549 egit,
1316 1497 1481 1547 praebet
1498 1509 1558 1548 ep.
1575 1498 1702 1546 1137,

349 1557 390 1594 in
414 1568 496 1608 qua
521 1554 705 1612 εὖφημίῳ
729 1568 802 1606 pro
827 1554 1026 1611 εὐστολίῳ,
1052 1554 1126 1595 οὐκ
1150 1569 1223 1606 pro
1243 1553 1372 1605 οὐδὲν,
1398 1557 1601 1608 βοηθῆσαι
1628 1569 1701 1607 pro

349 1615 518 1667 βοηθεῖν
543 1615 711 1654 exhibet.
752 1615 1001 1654 Examinavi.

410 1687 477 1727 63.
505 1689 542 1726 2.
563 1687 852 1725 Vaticanus
879 1700 940 1738 gr.
966 1687 1077 1725 1835
1106 1685 1233 1724 bomb.
1259 1698 1311 1726 se.
1330 1686 1429 1725 XIII
1459 1689 1614 1726 exeunt.
1641 1686 1703 1726 vel

350 1746 442 1784 XIV
467 1745 617 1785 ineunt.
630 1741 676 1799 ²),
704 1746 774 1796 qui
797 1746 866 1785 fol.
887 1746 1113 1785 86—159'
1139 1746 1317 1785 continet
1340 1746 1538 1797 syllogam
1558 1745 1705 1797 epistu-

350 1806 479 1845 larum
497 1805 757 1855 inscriptione
782 1807 822 1844 et
842 1804 957 1844 initio
975 1806 1143 1855 privam.
1166 1805 1320 1844 Primae
1332 1805 1530 1855 epistulae
1543 1806 1587 1844 in
1602 1817 1706 1844 mar-

350 1865 441 1916 gine
471 1865 609 1903 littera
639 1879 665 1903 α
694 1864 922 1903 rubricatae
953 1864 1075 1903 verba
1105 1865 1238 1914 prima
1268 1863 1393 1904 πολλὰ
1418 1861 1488 1915 μὲν
1512 1862 1708 1904 ἀναπνεῖν

349 1921 454 1977 (351
470 1924 520 1969 (Χ
535 1922 736 1976 332,16))
756 1923 837 1962 iam
856 1936 936 1963 non
948 1923 1231 1974 dispiciuntur3
1250 1935 1377 1974 neque
1397 1924 1590 1962 secundae
1604 1935 1706 1974 quae

349 1983 425 2022 fuit
464 1984 548 2022 355
587 1984 804 2034 quicquam
841 1986 998 2033 praeter
1040 1983 1168 2022 finem.
1226 1982 1362 2021 Tertia
1392 1977 1466 2035 (γ’)
1499 1985 1561 2021 est
1595 1983 1679 2022 361
1695 1997 1706 2031 ς

350 2043 495 2093 quarta
521 2044 624 2092 3823
650 2043 792 2093 quinta
818 2044 920 2090 4133
946 2042 1090 2081 ultima
1114 2036 1221 2094 (ρκ’)
1246 2044 1306 2080 est
1332 2043 1459 2082 1006.
1496 2040 1602 2081 Ordo
1622 2041 1706 2093 epi—

350 2102 547 2141 stularum
570 2101 709 2140 multis
733 2101 830 2140 locis
856 2113 948 2140 cum
965 2101 998 2140 S
1014 2102 1200 2146 concinit,
1224 2100 1406 2151 pluribus
1426 2101 1627 2151 discrepat
1645 2102 1704 2140 at-

351 2174 430 2210 que
447 2161 508 2200 ita
520 2160 693 2211 quidem,
712 2162 758 2199 ut
771 2173 795 2199 a
807 2156 880 2199 suff
901 2155 967 2213 (=
981 2156 1057 2210 61)
1077 2160 1334 2211 inscriptione
1354 2161 1513 2212 signata
1539 2173 1619 2211 qua
1637 2160 1705 2199 fol.

354 2225 370 2258 1
386 2221 437 2259 18
463 2220 619 2270 incipit·
632 2220 827 2271 singulari
852 2232 978 2270 usque
1005 2219 1055 2258 ad
1079 2219 1198 2259 finem
1223 2219 1401 2259 ordinem
1426 2220 1602 2270 corporis
1627 2232 1705 2258 me-

413 2322 447 2366 1)
473 2321 683 2357 Concidunt
708 2332 804 2367 quae
828 2320 955 2357 Miller
978 2320 1002 2356 l.
1022 2320 1046 2356 l.
1074 2321 1120 2356 de
1145 2320 1215 2356 hoc
1238 2320 1455 2356 indictionis
1479 2331 1632 2356 numero
1658 2319 1707 2355 ab

351 2379 450 2404 anno
481 2368 719 2414 discrepante
750 2368 919 2404 coniecit.
958 2367 1055 2403 Nam
1085 2379 1160 2403 non
1192 2367 1257 2412 ιε’,
1291 2368 1357 2404 sed
1382 2367 1437 2404 ια’
1464 2368 1614 2414 legitur.
1651 2366 1706 2402 ef.

352 2415 903 2507 ες
