1872 2924
335 226 424 268 154
637 224 999 262 PROLEGOMENA
1022 224 1088 260 AD
1113 224 1374 261 EPISTULAS

328 315 436 355 inter
463 316 545 354 792
573 316 613 353 et
635 315 748 354 1004
774 313 922 353 Iuliani
946 326 1005 363 ep.
1023 315 1077 353 34
1097 309 1276 366 Hertl.¹),
1299 307 1405 353 inter
1429 310 1514 354 552
1534 318 1576 354 et
1596 317 1680 356 754

330 373 590 426 inscriptione
613 373 730 424 priva
754 372 905 412 Iuliani
929 385 989 423 ep.
1010 373 1036 411 4
1056 372 1183 413 Hertl.
1228 373 1476 413 Examinavi.

389 482 619 522 Proximum
638 481 698 519 est
716 491 839 531 genus
859 491 996 518 eorum
1015 478 1205 528 codicum,
1230 481 1300 530 qui
1325 480 1501 531 eclogam
1520 480 1682 531 quidem

329 542 498 581 ordine
529 540 691 580 soluto
722 552 743 578 e
768 537 1047 588 Lacapeniana
1071 537 1308 588 delibatam,
1339 538 1408 578 sed
1433 539 1552 578 simul
1576 551 1682 579 eom-

330 601 510 651 pluribus
529 599 710 650 epistulis
730 597 892 637 aliunde
913 597 1073 637 insertis
1097 597 1214 637 modo
1234 597 1299 636 hic
1322 598 1440 638 modo
1464 598 1549 638 illic
1572 610 1681 638 auc·

328 661 427 699 tam
452 659 649 698 exhibent.
682 657 825 704 Quinc
845 657 897 696 ad
921 657 1071 696 fontem
1095 653 1239 708 ipsum,
1265 662 1383 707 equo
1402 657 1682 709 Lacapeniana

331 720 464 769 fluxit,
494 719 736 767 referantur,
768 716 920 766 obstat,
951 715 1057 767 quod
1086 729 1214 767 neque
1244 715 1288 755 in
1312 717 1492 766 epistulis
1522 717 1682 757 insertis

330 791 459 829 neque
490 779 531 817 in
562 777 679 828 locis,
714 775 858 827 quibus
891 775 1063 815 insertae
1092 775 1363 826 reperiuntur,
1396 776 1481 815 ulla
1514 779 1684 828 apparet

327 837 550 887 consensio.

389 897 422 936 E
448 895 592 948 quibus
616 895 746 946 primo
770 895 857 934 loco
883 906 1146 933 commemoro
1171 894 1462 945 collectionem,
1492 906 1594 945 quae
1619 907 1681 935 or-

330 956 462 996 dinem
475 956 635 1007 quidem
648 953 948 1004 Lacapenianae
960 953 1080 1003 plane
1099 953 1287 1003 solutum,
1307 953 1376 992 sed
1393 953 1681 994 incrementum

327 1028 549 1067 paucarum
574 1014 834 1066 epistularum
862 1012 1030 1052 exhibet.
1064 1011 1173 1059 Quae
1199 1014 1260 1051 est
1284 1013 1392 1063 prior
1411 1012 1578 1052 duarum
1602 1013 1682 1052 col-

329 1075 557 1124 lectionum,
584 1085 681 1124 quas
707 1073 884 1113 continet
908 1071 1030 1111 codex

392 1147 488 1186 165.
513 1145 763 1195 Rysiensis
785 1145 840 1183 70
865 1155 918 1183 sc.
934 1138 1084 1198 XVI').
1110 1143 1170 1182 Ac
1187 1143 1298 1194 prior
1317 1143 1478 1194 quidem
1497 1143 1680 1183 collectio

327 1206 523 1256 inscripta.
547 1203 728 1257 λιβανίου
753 1208 944 1254 σοφιστοῦ
968 1200 1170 1242 ἐπιστολαί
1189 1202 1258 1242 fol.
1275 1203 1488 1242 11'—65'
1506 1215 1682 1254 compre-

328 1266 453 1305 hensa
476 1265 548 1303 has
573 1265 752 1304 continet
775 1262 980 1313 epistulas»,
1009 1275 1029 1300 e
1055 1261 1199 1312 quibus
1225 1274 1327 1312 quae
1352 1274 1377 1300 a
1401 1261 1681 1312 Lacapeniana

327 1324 474 1364 absunt
495 1325 642 1363 litteris
661 1322 828 1362 cursivis
847 1321 1056 1374 insignivi:
1078 1322 1203 1360 1195.
1227 1322 1352 1361 1041.
1375 1322 1442 1360 65.
1464 1322 1560 1360 109.
1582 1321 1679 1361 515.

333 1385 428 1424 125.
450 1384 546 1423 388.
575 1383 672 1422 639.
695 1382 820 1421 1155.
843 1382 939 1420 167.
967 1381 1062 1420 515.
1086 1382 1181 1419 122.
1210 1381 1307 1420 956.
1334 1381 1431 1420 923.
1457 1381 1553 1420 327.
1580 1381 1678 1421 892.

330 1444 430 1482 237.
451 1444 546 1482 253.
569 1443 666 1482 857.
686 1442 785 1480 499.
806 1442 903 1480 332.
926 1441 1052 1480 1330.
1075 1441 1172 1479 137.
1195 1440 1320 1481 1154.
1343 1440 1440 1479 351.
1461 1439 1559 1479 355.
1581 1440 1678 1480 571.

331 1504 398 1542 33.
421 1503 517 1541 352.
540 1503 637 1541 331.
658 1502 756 1540 333.
781 1501 847 1540 89.
870 1501 965 1539 175.
989 1500 1086 1539 314.
1109 1499 1207 1538 184.
1227 1500 1323 1538 221.
1346 1500 1442 1538 197.
1464 1500 1562 1538 299.
1585 1499 1680 1540 123.

328 1563 429 1601 509.
456 1563 553 1601 901.
584 1562 681 1600 301.
709 1560 805 1599 195.
835 1561 930 1600 666.
958 1560 1056 1598 371.
1083 1559 1179 1598 379.
1209 1560 1304 1598 163.
1332 1559 1430 1598 390.
1458 1558 1554 1597 528.
1583 1559 1678 1598 763.

331 1623 428 1661 182.
452 1622 578 1660 1197.
602 1620 726 1660 1218.
749 1620 876 1658 1257.
904 1619 1000 1658 693.
1028 1618 1127 1657 226.
1154 1618 1251 1657 298.
1274 1619 1370 1657 754.
1399 1618 1525 1657 1185.
1554 1619 1680 1658 1414.

327 1682 397 1719 46.
425 1681 492 1719 49.
520 1680 617 1719 358.
645 1679 743 1718 285.
771 1680 897 1718 1411.
926 1677 1050 1717 1508.
1080 1678 1206 1727 1259,
1231 1677 1296 1715 cui
1319 1677 1496 1716 succedit
1519 1677 1681 1716 fol.4=9v

328 1739 476 1778 Iuliani
507 1752 567 1789 ep.
590 1739 643 1778 15
663 1738 791 1777 Hertl.
825 1738 922 1776 636.
957 1737 1053 1775 637.
1081 1736 1177 1775 256.
1206 1737 1303 1775 942.
1330 1737 1427 1775 696.
1454 1736 1551 1776 386.
1579 1736 1664 1776 838

331 1800 457 1839 1-260.
474 1799 599 1839 1483.
617 1799 713 1837 114.
728 1797 825 1836 578.
842 1797 969 1845 1184,
988 1796 1053 1835 cui
1066 1795 1243 1835 succedit
1258 1808 1467 1846 perperam
1485 1795 1678 1845 inscripta

325 1858 523 1910 βασίλειος
547 1856 709 1913 λιβανίφ
736 1858 817 1897 501
831 1851 876 1909 ³).
898 1856 996 1895 369.
1022 1855 1120 1894 802.
1151 1854 1292 1893 Altera
1315 1867 1409 1894 vero
1434 1853 1614 1893 collectio
1639 1856 1680 1893 et

327 1918 416 1968 ipsa
433 1917 627 1967 inscripta
644 1915 825 1968 λιβανίου
845 1919 1034 1965 σοφιστοῦ
1051 1911 1251 1953 ἐπιστολαί
1265 1913 1333 1953 fol.
1344 1914 1556 1952 66—180'
1575 1925 1679 1953 com·

327 1977 522 2027 prehensa
541 1975 698 2015 exhibet
716 1975 909 2026 epistulas
928 1973 1172 2013 collectionis
1184 1973 1485 2023 Lacapenianae
1502 1973 1678 2022 praeter-

327 2037 459 2076 missis
483 2036 544 2085 iis,
570 2048 673 2085 quae
697 2038 778 2074 iam
802 2034 842 2073 in
868 2033 1000 2084 priore
1025 2032 1256 2072 collectione
1275 2033 1405 2071 locum
1429 2032 1675 2071 invenerant.

326 2095 441 2135 Duae
464 2095 633 2134 ultimae
658 2096 750 2133 sunt
775 2094 860 2132 435
887 2095 928 2132 et
954 2093 1037 2131 647
1049 2087 1095 2146 ¹).
1127 2091 1209 2130 Fol.
1232 2092 1337 2131 180'
1361 2091 1543 2142 sequitur
1566 2091 1677 2142 λιβα-

326 2169 418 2194 νιου
448 2167 536 2207 περι
565 2156 693 2204 φιλων
719 2149 782 2207 (=
807 2155 836 2192 t.
855 2152 877 2191 Ι
902 2146 1020 2205 385).
1065 2150 1228 2190 Glossae
1251 2151 1525 2190 interlineares
1549 2149 1676 2188 rubri-

324 2215 440 2252 catae
465 2215 571 2253 sunt.
604 2212 668 2251 Ad
692 2225 829 2252 vocem
847 2210 1017 2263 Bldpnog
1042 2223 1101 2261 ep.
1119 2210 1204 2248 819
1225 2204 1280 2263 (X
1302 2211 1398 2259 741,
1413 2204 1456 2261 7)
1483 2208 1676 2248 scholium

388 2353 423 2397 1)
448 2351 591 2386 Eadem
621 2350 737 2386 etiam
766 2350 808 2385 in
838 2349 946 2384 Laut.
970 2348 1106 2384 XXXII
1131 2351 1187 2391 37,
1218 2347 1285 2382 sed
1315 2347 1391 2383 alio
1422 2346 1504 2382 loco
1534 2345 1675 2382 inserta

327 2400 394 2434 est.
432 2398 553 2444 Supra
576 2397 645 2434 sub
669 2410 706 2433 n.
727 2401 784 2434 94.

388 2459 424 2504 2)
449 2457 502 2493 cf.
527 2459 554 2493 t.
568 2457 653 2494 VIII
674 2460 717 2492 13
742 2459 872 2492 n.281.
1018 2456 1052 2501 3)
1079 2454 1180 2490 Infra
1204 2453 1273 2490 sub
1298 2456 1431 2489 n.403.
