1872 2924
369 212 424 255 88
669 209 966 247 PROLEGOME
976 210 1046 246 NA
1075 209 1142 245 AD
1167 209 1426 245 EPISTULAS

301 308 369 339 491
435 302 502 339 41.
517 300 777 339 Bernensis
798 294 942 352 459¹),
963 301 1047 338 110
1066 300 1109 338 in
1128 298 1245 338 catal.
1259 292 1494 351 Omontii2),
1511 298 1636 337 chart.
1649 298 1728 338 for-

371 372 460 398 mae
493 361 567 398 oct.
594 372 645 398 sc.
670 359 766 398 XVI
798 359 894 398 olim
927 357 1128 397 Henrici
1160 357 1414 409 Stephani,
1446 358 1558 396 cuius
1583 369 1726 396 nomen

370 413 557 472 Ἑρρίκον
581 423 652 457 τοῦ
670 417 886 469 Στεφάνου
910 418 952 455 in
972 419 1052 456 imo
1073 416 1253 468 margine
1271 416 1361 455 folii
1380 418 1435 455 47
1456 416 1618 467 legitur,
1641 418 1727 455 tum

371 478 508 517 Petri
538 477 776 526 Danielis,
809 478 878 526 qui
908 476 1082 516 indicem
1112 475 1331 526 praemisit,
1362 475 1530 526 denique
1561 474 1727 515 Iacobi

370 537 645 589 Bongarsii.
682 537 798 575 Folia
823 548 925 586 quae
945 535 1138 585 epistulas
1157 535 1317 573 Libanii
1336 536 1543 574 continent
1561 536 1724 574 47—53

372 597 615 647 singularem
642 595 823 634 efficiunt
847 595 1092 634 fasciculum.
1128 594 1264 632 Prima
1289 594 1462 644 epistula
1487 595 1548 632 est
1568 595 1637 644 19,
1661 593 1728 633 cui

370 655 515 694 Daniel
539 655 814 706 praescripsit:
839 655 931 704 „Eos
956 655 1117 704 epistola
1141 653 1196 692 ad
1218 653 1449 694 Anatolium
1473 664 1573 702 quae
1589 654 1728 702 incipit

367 711 563 767 Ἀνέγνων
587 717 670 761 τοῖς
694 713 868 764 φίλοις”;
893 715 1113 764 sequuntur
1137 711 1188 752 κᾶ
1212 708 1276 766 (--
1297 708 1386 766 35),
1411 708 1455 751 Z}
1479 708 1542 765 (==
1563 706 1654 766 49),
1678 709 1727 759 ξ’ἇι

371 775 436 838 (ᾗ
459 769 548 827 75),
572 772 621 825 ξῆ
639 768 704 827 (=
726 769 816 826 81),
835 786 864 813 s.
884 786 991 812 num.
1007 770 1205 828 Μοδέστῳ
1226 766 1290 826 (=
1313 766 1430 821 101),
1455 769 1499 819 ξέ
1519 767 1584 825 (=
1606 767 1725 824 161),

371 844 417 893 ξζ
441 840 505 898 (==
529 839 647 898 163),
673 843 721 884 οᾶ
744 839 810 899 (=
833 839 950 897 167),
976 844 1026 895 οβ
1051 839 1117 897 (=
1139 838 1257 896 168),
1281 857 1311 882 π
1335 839 1400 896 (==
1423 837 1540 895 176),
1565 838 1633 896 (ᾖς’
1657 837 1722 906 (ἶ

373 909 499 968 192),1
515 928 544 955 s.
570 930 677 954 num.
702 913 900 955 Μοδέστω
930 916 1150 954 correctum
1175 914 1217 952 in
1242 912 1424 969 Εὗσεβίῳ
1450 909 1516 967 (---·
1538 908 1656 966 218),
1682 914 1726 960 ιζ

371 971 435 1028 (=
457 970 574 1029 220),
595 973 636 1027 “fl
656 971 720 1027 (ἓ
743 970 862 1026 221),
881 977 942 1026 μθ
962 969 1026 1027 (=¹
1047 968 1166 1028 251),
1185 971 1233 1026 νῷ
1252 969 1318 1027 (²²
1340 967 1459 1026 255),
1478 973 1497 1020 ξ
1519 967 1584 1026 (=
1606 967 1724 1025 369),

370 1047 399 1073 s.
419 1048 525 1074 num.
550 1034 739 1089 Καλυκίῳ
766 1029 830 1088 (==
853 1028 976 1087 379),
1009 1045 1037 1072 s.
1061 1046 1168 1072 num.
1192 1028 1401 1088 Ἀνατολίῳ
1432 1027 1497 1086 (=
1518 1027 1643 1085 391),
1671 1031 1725 1082 κβ

371 1090 436 1145 (==
457 1089 576 1147 405).
614 1093 774 1132 Desinit
803 1092 945 1132 folium
969 1093 1156 1131 ultimum
1181 1091 1312 1132 verbis
1337 1091 1491 1130 πολίται
1515 1089 1582 1130 καὶ
1606 1088 1724 1142 ξένοι,

371 1153 515 1204 quibus
542 1153 716 1192 custodis
740 1153 828 1192 loco
855 1152 1034 1191 additum
1061 1153 1122 1191 est
1145 1149 1212 1190 καὶ
1235 1150 1369 1206 ταύτῃ.

427 1213 518 1252 Mea
541 1212 673 1264 gratia
698 1212 894 1262 excerpsit
916 1211 1052 1250 Herm.
1071 1211 1223 1263 Hagen.

428 1271 492 1310 Ad
517 1271 622 1311 idem
642 1271 844 1322 exemplar
860 1270 966 1310 redit
984 1271 1153 1309 alterum
1174 1270 1461 1321 apographum,
1486 1268 1591 1319 quod
1610 1280 1733 1319 prae-·

367 1331 437 1370 bet
460 1331 581 1370 codex

295 1408 364 1439 492
429 1403 497 1441 42.
523 1402 777 1441 Parisinus
806 1415 872 1450 gr.
900 1401 1063 1452 Suppl.
1085 1401 1169 1439 249
1198 1400 1322 1438 chart.
1348 1395 1516 1452 (124><
1533 1399 1588 1438 84
1608 1393 1722 1452 mm.)

370 1474 405 1499 a.
422 1462 536 1501 1568
559 1464 600 1500 et
621 1462 733 1501 1569
754 1455 1003 1513 exaratu83),
1028 1460 1123 1499 olim
1142 1459 1277 1499 Petri
1295 1458 1516 1498 Danielis
1535 1457 1722 1507 Huetii,

367 1520 508 1560 deinde
528 1520 692 1560 domus
708 1521 955 1571 professae
976 1518 1174 1571 collegii
1194 1519 1449 1558 societatis
1462 1518 1571 1556 Iesu
1583 1516 1718 1555 Pari-

367 1580 481 1629 sini,
490 1580 653 1619 miscell.
666 1580 863 1630 Excerpta
875 1574 1255 1630 inscripta’leoyal
1267 1574 1370 1624 τινὲς
1382 1575 1425 1616 ἐκ
1436 1581 1516 1615 τῶν
1528 1581 1598 1615 τοῦ
1612 1575 1718 1628 λιβα-

366 1638 457 1678 νίου
476 1637 688 1678 ἐπιστολῶν
707 1638 963 1678 continentur
985 1638 1053 1677 fol.
1070 1638 1315 1677 257—263.
1345 1636 1521 1683 Quorum
1545 1635 1718 1685 primum

367 1700 428 1737 est
452 1711 511 1749 ep.
535 1700 587 1737 19
617 1694 671 1751 (X
693 1699 761 1748 13,
783 1699 805 1736 7
827 1693 911 1736 ἀλλ’
941 1689 972 1752 ᾧ
1004 1692 1190 1751 χρῶμαι),
1216 1695 1284 1735 sed
1307 1695 1390 1734 iam
1415 1695 1562 1734 desinit
1588 1693 1720 1733 verbis

368 1759 516 1809 μᾶλλον
529 1755 660 1810 ἅρχων
673 1755 700 1809 ἢ
714 1753 771 1810 (p.
788 1758 856 1807 14,
871 1758 927 1797 20
935 1752 1025 1809 sq).
1050 1756 1097 1794 In
1109 1757 1290 1807 margine
1302 1754 1464 1795 sinistro
1477 1753 1722 1804 adscriptum

367 1818 428 1855 est
452 1814 495 1856 ἐκ
518 1822 588 1869 τῆς
612 1816 769 1870 πρώτης
793 1814 1010 1867 ἐπιστολῆς,
1033 1815 1076 1853 id
1094 1815 1202 1866 quod
1221 1815 1351 1854 solum
1370 1813 1421 1852 ad
1439 1827 1499 1864 ep.
1522 1814 1576 1852 19
1594 1812 1639 1851 in
1657 1825 1720 1852 co·

367 1876 452 1915 dice
465 1876 684 1915 Mutinensi
702 1876 821 1915 hodie
840 1874 1089 1925 deperditum
1104 1873 1288 1925 quadrat.
1315 1873 1544 1923 Sequuntur
1559 1871 1721 1911 eaedem

368 1938 489 1986 atque
514 1936 557 1974 in
581 1936 774 1975 Bernensi
798 1934 995 1985 epistulae
1020 1935 1183 1984 excepto
1209 1933 1315 1983 quod
1340 1945 1400 1983 ep.
1422 1933 1504 1972 101
1531 1931 1721 1982 praemis-

369 2007 458 2034 sum
485 1997 563 2034 est:
587 1994 743 2047 βιβλίον
768 1994 794 2046 β
819 1996 858 2033 et
882 2006 943 2044 ep.
965 1994 1049 2032 218
1073 1993 1268 2043 inscripta
1292 1993 1369 2031 est:
1396 2004 1435 2036 ις
1459 1990 1540 2029 lib.
1562 1990 1587 2029 3
1613 1988 1722 2030 εὐσε-

367 2053 441 2104 βίω
473 2056 515 2093 et
543 2055 625 2092 iam
656 2053 787 2093 verbis
817 2052 917 2105 πρὸς
946 2058 1068 2092 ταῦτα
1099 2049 1343 2104 μαχομένους
1368 2046 1425 2104 (Χ
1449 2051 1547 2099 200,
1568 2050 1623 2088 14
1643 2043 1722 2101 sq.)

367 2113 524 2152 desinit.
561 2112 670 2159 Quae
695 2125 788 2152 vero
807 2113 900 2151 huic
917 2111 960 2150 in
979 2112 1171 2150 Bernensi
1191 2110 1407 2150 succedunt
1424 2108 1633 2160 epistulae,
1655 2108 1722 2146 hic

368 2172 530 2211 omnino
549 2173 703 2212 desunt.
736 2171 1055 2222 Descriptionem
1074 2170 1220 2210 codicis
1240 2169 1405 2208 Alfredo
1422 2167 1568 2207 Iacobo
1586 2166 1722 2206 debeo.

427 2287 462 2331 1)
488 2284 690 2332 catalogus
715 2285 886 2321 codicum
910 2283 998 2320 Mas.
1017 2282 1110 2319 bibl.
1130 2283 1239 2318 Bcrn.
1260 2293 1338 2318 cur.
1355 2281 1383 2318 Ι.
1402 2281 1447 2316 Β.
1467 2280 1612 2323 Sinner,
1631 2279 1721 2315 Ber-

366 2344 437 2369 nae
464 2336 556 2369 1'160
581 2335 608 2369 t.
627 2333 646 2368 I
671 2336 750 2368 507.
787 2331 835 2367 H.
854 2331 999 2377 Hagen,
1025 2329 1144 2367 Catal.
1164 2329 1272 2366 codd.
1292 2329 1401 2365 Bern.
1425 2331 1507 2364 401.

426 2390 463 2431 2)
488 2385 690 2422 Centralbl.
709 2386 735 2422 f.
754 2385 851 2421 Bibl.
871 2385 919 2420 111
938 2387 1018 2420 424.

425 2441 462 2486 3)
481 2438 629 2482 Omont,
647 2438 724 2474 Inv.
744 2446 872 2474 eornm.
893 2437 959 2472 des
977 2447 1163 2473 manuscr.
1183 2447 1237 2482 gr.
1256 2435 1303 2471 de
1320 2435 1359 2470 la
1376 2433 1467 2470 bibl.
1481 2434 1560 2470 nat.
1573 2432 1624 2468 111
1637 2435 1718 2468 288.
