1872 2924
457 228 479 269 ς
498 226 531 261 0.
568 221 634 259 ΒΕ
660 222 846 261 ECLOGA
876 221 1226 260 LACAPEMANA
1439 220 1526 264 133

157 314 211 356 ad
229 316 433 355 auctorem
452 313 585 365 ipsum
604 311 734 352 redire
754 314 925 352 maxime
945 310 1154 364 probabile
1173 315 1233 351 est
1243 307 1290 364 ¹).
1314 311 1528 351 Praeterea

161 373 369 426 praemisit
392 374 518 414 vitam
543 371 705 412 Libanii
730 372 1013 424 Eunapianam
1022 366 1069 426 ¹).

220 433 388 474 Initium
406 433 512 472 facio
531 431 582 471 ab
598 432 648 472 iis
662 432 877 481 codicibus,
898 433 968 483 qui
985 431 1321 482 subscriptionem
1340 429 1529 470 exhibent

161 487 303 535 αὗται
333 492 385 533 αἱ
410 490 656 533 ἐπιστολαὶ
680 496 765 532 τοῦ
794 491 1020 544 λιβανίου
1052 484 1173 542 ἦσαν
1205 487 1527 544 γεγραμμέναι

162 552 232 602 εἰς
261 551 311 593 τὸ
340 551 533 605 βιβλίον
562 557 647 592 τοῦ
677 557 828 605 πυροῦ
858 552 1093 605 γεωργίου
1118 555 1202 590 τοῦ
1233 552 1528 602 λακαπηνοῦ.

164 613 268 654 Sunt
291 612 353 652 hi:

226 673 324 712 104.
349 671 644 711 Mutinensis
669 670 740 710 LV
767 666 895 724 (ΠΙΒ
911 665 1003 724 3)⁸)
1027 681 1080 710 sc.
1100 669 1195 709 XIV
1221 669 1289 709 fol.
1311 669 1529 709 96-160.

163 732 460 783 Subscriptioni
484 730 624 770 addita
648 733 743 770 sunt
767 730 890 770 verba
914 728 1002 782 ἤτοι
1027 727 1129 780 ὁμοῦ
1154 729 1200 768 αἱ
1221 729 1308 769 ὅλαι
1332 728 1473 769 διακόσ
1488 743 1530 768 αι

162 790 355 844 ἐξήκοντα
366 789 557 843 τέσσαρες.
591 790 970 831 EstMutinensis
990 790 1024 829 B
1044 788 1286 841 Rostgaardi
1302 787 1531 839 Wolfiique.

161 851 333 903 Inspexi.

226 912 323 952 105.
349 910 614 951 Vaticanus
648 924 711 962 gr.
740 905 869 963 113⁴)
901 922 955 949 sc.
978 908 1052 948 XV
1083 909 1151 948 fol.
1174 910 1421 949 107—186.
1464 908 1531 948 In·

163 972 316 1022 scripta
340 972 402 1011 est
425 970 610 1011 collectio
634 969 819 1022 λιβανίου
846 974 1040 1021 σοφιστοῦ
1065 966 1275 1009 ἐπιστολαί.
1312 968 1446 1008 Aucta
1470 973 1533 1007 est

165 1031 207 1070 in
244 1030 323 1070 fine
355 1029 511 1070 duabus
550 1030 751 1081 epistulis,
784 1041 925 1069 comm.
953 1042 1014 1080 ep.
1039 1031 1090 1069 11
1128 1030 1169 1068 et
1199 1041 1260 1080 ep.
1283 1028 1380 1068 768.
1430 1026 1530 1066 Sub·

164 1091 332 1142 scriptio
360 1090 429 1129 fol.
455 1090 538 1130 186
579 1092 700 1131 extat.
747 1088 827 1129 Hic
861 1089 947 1129 illic
984 1088 1141 1141 glossae
1174 1087 1455 1128 interlineares
1492 1091 1533 1126 et

165 1150 318 1191 scholia
342 1149 584 1202 marginalia
608 1149 748 1189 addita
773 1152 878 1189 sunt.
921 1148 1092 1200 Inspexi.

225 1209 286 1249 Ex
311 1209 387 1250 hoc
405 1209 540 1249 codiee
565 1222 590 1249 a
610 1209 738 1250 Luca
762 1208 1024 1249 Holstenio
1050 1207 1258 1248 duodecim
1283 1206 1335 1246 ad
1354 1207 1532 1247 Aristae-

165 1271 307 1310 netum
330 1269 395 1309 vel
421 1269 469 1308 de
488 1268 744 1310 Aristaeneto
770 1268 967 1320 epistulae
988 1268 1213 1319 descriptae
1232 1268 1338 1316 sunt,
1364 1278 1464 1317 quas
1486 1279 1534 1306 ex

164 1330 251 1369 eius
270 1329 503 1382 apographo
522 1328 564 1368 P.
586 1328 871 1368 Lambecius
890 1329 932 1368 in
951 1327 1248 1368 commentariis
1266 1326 1533 1366 bibliothecae

166 1388 325 1429 Caesar.
344 1388 422 1429 vol.
436 1388 492 1428 VI
510 1401 549 1439 p.
566 1390 651 1428 244
660 1401 719 1440 sq.
739 1387 799 1430 ed.
813 1387 983 1427 Vindob.
1004 1388 1115 1427 1674
1142 1385 1295 1439 publici
1318 1386 1420 1426 iuris
1438 1385 1535 1425 fecit

166 1448 338 1500 indeque
358 1448 520 1488 Barth.
543 1447 718 1489 Christ.
737 1447 1027 1497 meinardus,
1057 1446 1216 1486 Libanii
1241 1446 1428 1486 Rbetoris
1451 1445 1534 1485 An·

165 1508 344 1549 tiocheni
361 1508 555 1559 epistolae
573 1508 653 1548 XII
674 1508 931 1548 Francofurti
955 1509 997 1547 et
1017 1506 1177 1558 Lipsiae
1196 1504 1425 1546 MDGOVII
1443 1518 1535 1545 cum

168 1569 500 1619 interptetatione
538 1567 667 1607 latina
703 1567 904 1619 repetivit.
952 1566 1084 1607 Codex
1121 1579 1147 1606 a
1185 1565 1436 1618 Rostgaardo
1474 1565 1535 1604 in·

167 1629 326 1679 spectus
354 1627 536 1679 quidem,
567 1640 647 1668 non
681 1627 852 1668 collatus
886 1629 964 1679 est,
998 1629 1045 1666 ut
1075 1639 1096 1665 e
1121 1625 1258 1666 Wolfii
1282 1625 1534 1676 praefatione

166 1690 346 1739 apparet.

231 1748 327 1788 106.
359 1746 628 1787 Vaticanus
653 1747 750 1787 olim
775 1746 1078 1786 Barberinus
1107 1744 1149 1785 ΙΙ
1176 1745 1233 1785 60
1265 1740 1383 1798 (olim
1415 1739 1522 1797 284)
1536 1748 1602 1780 ⁶41

167 1807 295 1847 chart.
320 1807 472 1847 formae
498 1807 587 1848 folii
618 1819 670 1847 sc.
689 1806 764 1846 XV
790 1809 944 1846 exeunt.
971 1805 1035 1846 vel
1059 1804 1156 1845 XVI
1179 1804 1331 1844 ineunt.
1356 1803 1536 1844 continet

168 1871 265 1918 post
290 1868 416 1907 vitam
441 1866 723 1919 Eunapianam
749 1861 962 1920 (εὗναπίου
993 1863 1037 1905 ἐκ
1066 1870 1138 1905 τοῦ
1169 1863 1327 1917 βιβλίον
1358 1868 1430 1904 τοῦ
1453 1861 1534 1903 ἐπι-

166 1925 441 1980 γεγραμμένου
466 1925 548 1979 βίοι
573 1925 794 1979 σοφιστῶν)
819 1926 888 1966 fol.
906 1925 1079 1965 1'—43'
1104 1923 1303 1976 syllogam
1327 1935 1420 1963 cum
1444 1922 1537 1963 sub·

166 1987 386 2037 scriptione
417 1985 554 2026 eadem
580 1999 664 2037 qua
687 1986 926 2026 Mutinensis
958 1987 1123 2035 excepto
1156 1983 1262 2034 quod
1292 1981 1362 2023 τὸν
1392 1995 1466 2034 pro
1491 1983 1534 2023 τὸ

169 2048 213 2085 et
230 2044 333 2098 ὅμου
352 2058 426 2097 pro
445 2043 548 2097 ὁμοῦ
569 2045 767 2097 scriptum
793 2047 865 2086 est.
895 2045 1071 2085 Nomina
1095 2055 1230 2083 eorum
1250 2042 1303 2082 ad
1328 2054 1428 2093 quos
1453 2044 1537 2093 epi-

169 2105 300 2145 stulae
325 2105 444 2146 datae
470 2107 565 2145 sunt
589 2106 630 2146 et
653 2106 812 2146 numeri
835 2103 1031 2144 rubricati
1055 2104 1160 2154 sunt,
1185 2103 1342 2155 glossae
1366 2100 1536 2143 scholia-

168 2178 247 2216 que
284 2165 435 2206 crebra.
483 2164 583 2205 Post
618 2164 954 2216 subscriptionem
990 2163 1180 2215 leguntur
1216 2175 1275 2213 ep.
1300 2155 1459 2214 1553⁸)
1495 2164 1537 2200 et

169 2230 241 2265 τοῦ
266 2222 383 2278 ἁγίου
409 2223 598 2278 ἰσιδώρου
622 2222 778 2276 ὠφελίω
802 2228 1075 2278 γραμματικῶ·
1107 2227 1178 2262 τοῦ
1209 2223 1535 2274 καταπεπλῆχθαι

163 2279 236 2338 (·-
255 2283 350 2324 Isid.
364 2284 448 2324 Pel.
460 2297 520 2336 ep.
539 2284 582 2324 11
602 2286 672 2334 42,
696 2285 740 2324 in
759 2296 841 2335 qua
865 2283 976 2335 prior
998 2284 1158 2323 servata
1177 2275 1302 2335 est⁸))
1327 2284 1369 2321 et
1387 2280 1458 2320 fol.
1478 2283 1533 2319 4⁴

232 2376 267 2420 1)
291 2373 488 2411 Lindstam
512 2374 537 2411 1.
557 2374 571 2410 1
595 2386 632 2421 p.
646 2374 741 2410 xlx.
842 2376 878 2420 8)
903 2372 957 2410 Cf.
982 2375 1072 2409 tom.
1093 2371 1109 2407 1
1134 2383 1172 2418 p.
1187 2375 1270 2416 laq.

229 2423 266 2468 8)
291 2421 346 2459 Cf.
371 2424 398 2459 ὓ.
419 2422 434 2459 1
454 2426 522 2459 ⁸41
549 2434 583 2458 n.
599 2426 658 2459 49.
876 2422 914 2467 4)
939 2419 995 2457 Cf.
1020 2419 1079 2457 &1
1098 2422 1168 2455 888
1193 2422 1301 2456 md?-

229 2471 266 2510 ὁ)
291 2469 394 2506 Infra
418 2470 488 2507 sub
513 2482 548 2507 n.
563 2473 632 2506 287
658 2472 698 2506 et
723 2472 804 2506 880.
902 2470 939 2514 6)
964 2468 1066 2504 Infra
1090 2467 1161 2503 sub
1186 2479 1221 2503 n.
1238 2469 1307 2503 119
1333 2467 1373 2503 et
1399 2469 1480 2503 1⁶⁶.
