1872 2924
309 238 396 282 242
613 239 951 276 PROLEGOMEN
952 242 985 276 Α
1013 241 1079 277 AD
1099 242 1367 283 ,EPISTULAS

309 340 431 367 causa
463 329 623 367 nomino
656 329 921 380 Eugenium
953 328 1200 371 Bormann
1237 332 1277 373 Is
1309 346 1342 372 a.
1369 334 1482 373 1867
1515 335 1671 376 codices

309 389 353 426 in
378 386 632 427 bibliothecis
657 387 850 428 Romanis
875 389 1117 431 Florentinis
1142 391 1421 442 Neapolitanis
1447 396 1669 435 asservatos

310 446 485 496 inspexit
510 448 551 485 et
574 447 869 488 vetustissimos
892 460 1026 487 eorum
1048 449 1085 488 V
1105 452 1146 489 et
1165 451 1226 490 Va
1251 451 1555 503 diligentissime
1579 466 1673 493 con—

309 506 411 544 ferre
444 507 592 556 coepit,
624 506 692 546 sed
723 506 919 548 distentus
951 520 1040 547 cum
1072 509 1163 549 aliis
1193 511 1424 552 muneribus
1455 514 1545 551 tum
1574 524 1670 552 cura

310 565 618 615 inscriptionum
638 565 875 605 Latinarum
897 580 1000 617 quae
1019 568 1236 620 collegerat
1255 582 1358 610 anno
1377 572 1557 624 proximo
1569 571 1673 611 mihi

310 624 463 663 Romae
488 624 660 663 tradidit
684 626 756 675 qui
779 626 901 676 paulo
927 628 1021 667 ante
1046 627 1245 669 Herchero
1271 632 1432 669 auctore
1456 631 1668 671 consilium

312 685 490 723 omnium
523 696 686 734 operum
718 684 879 724 Libanii
910 685 1151 726 edendorum
1183 699 1375 738 ceperam.
1412 689 1472 729 Ac
1497 690 1671 740 primum

312 742 472 793 quidem
493 745 579 782 erat
597 744 787 783 notitiam
805 745 983 784 codicum
1004 747 1265 796 superstitum
1284 748 1462 787 nancisci
1481 749 1673 788 omnium.

312 802 474 841 Italicos
499 803 710 853 plerosque
729 815 764 842 a.
788 804 1081 844 1868—1870
1102 806 1274 845 tractavi
1294 809 1334 846 et
1352 819 1386 846 a.
1406 808 1517 847 1895
1537 808 1669 858 revisi,

313 861 427 901 annis
447 862 703 912 sequentibus
722 862 1061 914 vindobonenses,
1084 863 1351 914 Germanicos,
1370 866 1558 918 Batavos,
1577 867 1673 906 Hel-

312 920 474 970 veticos,
509 924 749 972 apparatum
781 923 822 960 et
852 922 1217 974 Rostgaardianum
1248 927 1288 965 et
1318 925 1595 965 Fabricianum
1629 928 1672 966 et

313 980 574 1020 Reiskianum
594 981 799 1033 Madvigio
823 983 1091 1022 intercedente
1111 983 1160 1022 ab
1182 984 1474 1025 Havniensibus
1494 986 1671 1026 missum.

315 1039 374 1078 De
402 1039 604 1079 codicibus
629 1041 931 1091 Mosquensibus
955 1043 1056 1082 mihi
1079 1043 1240 1082 rettulit
1258 1044 1488 1085 Theodorus
1506 1044 1672 1095 Korsch,

315 1099 363 1138 de
382 1098 698 1150 Upsaliensibus,
721 1098 1064 1152 Lincopiensibus,
1089 1101 1397 1143 Skoklosterano
1423 1104 1548 1143 Einar
1576 1103 1672 1143 Los-

314 1158 422 1198 stedt
451 1159 584 1209 pater,
615 1159 726 1199 cuius
758 1159 883 1210 copiis
907 1172 1003 1200 usus
1028 1174 1062 1201 a.
1086 1162 1197 1201 1877
1231 1163 1487 1203 universitati
1511 1163 1674 1214 Upsali-

314 1219 402 1258 ensi
432 1217 656 1257 saecularia
689 1221 836 1269 quarta
866 1219 1081 1259 celebranti
1109 1221 1268 1261 nomine
1291 1222 1568 1263 universitatis
1593 1222 1674 1262 Ro·

314 1276 550 1317 stochiensis
588 1279 923 1318 commentatione
955 1280 1151 1330 inscripta
1180 1275 1262 1319 ‘De
1296 1281 1495 1320 Libanii
1527 1281 1672 1321 libris

314 1336 663 1386 manuscriptis
682 1337 910 1388 Upsalier·
921 1338 1054 1378 sibus
1073 1341 1120 1378 et
1139 1337 1561 1391 Lincopiensibus'
1580 1353 1673 1392 gra-

314 1396 473 1435 tulatus
499 1408 597 1435 sum.
635 1395 683 1434 In
709 1397 910 1437 codicibus
931 1396 1095 1438 Gallicis
1115 1400 1156 1438 et
1173 1399 1505 1450 Hispaniensibus
1522 1401 1674 1440 riman-

316 1455 377 1494 dis
403 1456 443 1494 et
460 1455 718 1505 inspiciendis
737 1455 843 1496 ultro
862 1469 1022 1508 operam
1042 1470 1155 1498 suam
1174 1457 1322 1499 obtulit
1341 1458 1506 1499 Carolus
1525 1458 1669 1509 Graux,

316 1515 359 1552 in
385 1513 586 1554 codicibus
610 1514 942 1555 bibliothecarum
960 1516 1214 1556 orientalium
1242 1518 1500 1569 anquirendis
1524 1520 1565 1558 et
1583 1531 1670 1568 per-

317 1573 540 1615 scrutandis
570 1587 634 1613 me
664 1574 904 1614 adiuverunt
926 1576 977 1614 N.
997 1575 1211 1628 Gregorius
1235 1577 1514 1627 Bernardakis,
1543 1577 1674 1628 Papa·

317 1633 489 1682 dopulus
515 1632 745 1683 Karmena,
776 1635 936 1674 Manuel
961 1634 1138 1685 Gedeon,
1168 1636 1211 1675 P.
1237 1636 1436 1687 Spyridon
1466 1636 1672 1686 Lambros,

317 1692 544 1730 Alexander
573 1691 793 1734 Lauriotes.
833 1693 995 1734 Codices
1028 1695 1215 1747 Angliae‚
1246 1695 1419 1745 Galliae,
1450 1696 1671 1746 Hispaniae

319 1763 353 1791 a.
377 1751 492 1790 1880
511 1751 748 1802 examinavi,
772 1752 1171 1804 Hierosolymitanos,
1198 1753 1674 1806 Constantinopolitanos,

321 1810 550 1860 Chalcenos,
574 1811 835 1862 Rhysiensem
860 1824 895 1851 a.
919 1813 1046 1864 1896,
1069 1813 1330 1854 Athenienses
1349 1827 1383 1854 a.
1407 1815 1534 1854 1903.
1567 1814 1675 1853 Tan·-

319 1869 407 1907 dem
432 1869 711 1910 benevolentia
734 1871 1004 1913 honestissimi
1021 1873 1141 1914 huius
1161 1872 1346 1914 editionis
1364 1873 1582 1914 venditoris
1601 1873 1675 1912 Al-

318 1928 419 1967 fredi
445 1927 632 1968 Giesecke
657 1932 842 1980 ectypum
866 1931 1226 1983 photographicum
1250 1932 1395 1974 codicis
1419 1932 1543 1973 Athoi
1566 1931 1672 1972 Lau-

320 2000 387 2025 rae
418 1990 560 2028 nactus
591 2000 690 2029 sum.
729 1989 815 2035 Quo
840 1992 959 2040 pacto
983 1988 1136 2030 factum
1161 1993 1224 2032 est
1245 1994 1294 2031 ut
1317 1991 1352 2032 si
1375 1992 1523 2043 excipis
1548 2004 1671 2030 unum

320 2047 539 2086 alterumve
562 2048 880 2088 recentissimum
905 2062 951 2089 ac
969 2049 1036 2089 vix
1055 2052 1214 2090 nomine
1232 2051 1410 2103 dignum,
1433 2051 1589 2090 nullum
1608 2063 1677 2090 ex·

320 2109 408 2144 tare
433 2118 607 2146 asserere
632 2109 780 2158 possim
807 2121 924 2158 quem
954 2122 1035 2149 non
1065 2112 1136 2150 aut
1164 2109 1250 2161 ipse
1281 2112 1352 2150 aut
1373 2123 1445 2161 per
1465 2111 1673 2150 doctorum

323 2165 542 2204 amicorum
566 2167 701 2206 oculos
726 2167 990 2219 cognoverim.

383 2229 459 2270 Sed
493 2230 615 2270 etiam
641 2233 789 2283 scripta
814 2246 949 2272 eorum
976 2233 1046 2284 qui
1068 2233 1228 2274 Libanii
1251 2235 1433 2286 epistulis
1456 2235 1523 2274 usi
1546 2234 1671 2283 erant,

323 2288 481 2329 etiamsi
510 2290 687 2330 nondum
717 2292 826 2342 typis
856 2292 1050 2343 impressa
1073 2293 1142 2333 sed
1165 2306 1289 2334 manu
1312 2295 1461 2344 scripta
1489 2293 1533 2333 in
1556 2291 1678 2332 bibli·

323 2348 474 2388 othecis
491 2348 685 2400 latebant,
714 2353 763 2390 ut
793 2352 989 2392 Manuelis
1014 2353 1157 2402 Rhaul,
1181 2352 1341 2405 Georgii
1365 2352 1579 2403 Lacapeni,
1608 2364 1677 2391 ex-

323 2407 515 2458 cerptoris
540 2407 890 2461 Darmstadiensis,
914 2411 1096 2451 adeunda
1121 2414 1244 2452 erant.

383 2473 522 2512 Talem
554 2475 598 2513 in
630 2474 792 2514 modum
826 2481 1039 2527 postquam
1074 2490 1156 2528 qua
1187 2478 1256 2517 via
1289 2479 1409 2529 atque
1441 2476 1676 2517 condicione
