1872 2924
360 219 418 261 22
454 217 638 253 LIBANII
663 217 745 261 QUI
766 216 1033 253 FERUNT-UR
1056 215 1408 253 CHARACTERES
1431 215 1697 254 EPISTOLICI

357 319 592 356 yraeearum
627 306 801 345 studioso
837 307 1062 354 cuicumque
1098 306 1319 353 benefacere
1347 334 1358 342 .
1373 330 1390 344 ι.
1411 333 1421 344 .
1459 303 1611 344 Addidi,
1640 299 1713 358 (sc.

356 361 605 418 Ἐρωτήμασι
640 370 711 404 τοῦ
741 366 984 417 Χρυσολωρᾶ
1015 377 1118 414 quae
1147 365 1202 402 64
1238 365 1371 413 prima
1399 363 1498 403 folia
1528 364 1716 404 editionis

360 424 549 476 implent)
592 426 755 472 insuper
797 424 1015 462 Libanium
1057 424 1105 462 de
1146 423 1258 462 modo
1302 423 1556 472 epistolandi:
1603 434 1717 473 opus—
1736 469 1739 470 ⁷

363 485 494 523 culum
531 484 909 523 excellentissimum:
945 485 979 522 et
1007 483 1131 531 plane
1166 484 1446 522 necessarium:
1480 485 1515 523 et
1546 484 1714 532 antiqui-

361 546 478 582 tatem
503 544 644 582 codicis
668 543 857 581 reveritus
880 542 980 580 nihil
1003 543 1210 580 immutare
1228 553 1369 580 ausus:
1391 553 1514 590 neque
1522 544 1715 591 punctum

363 605 537 652 tanqere:
567 603 746 651 quamvis
771 601 903 640 doetus
928 602 1088 650 quidam
1111 602 1155 639 in
1178 601 1346 639 latinum
1371 602 1576 652 imutatum
1601 595 1715 654 (sic)t

362 663 398 702 et
408 673 638 710 perversum
656 661 731 700 sibi
749 655 1043 710 inscripserw).
1072 660 1261 710 Sequitur
1279 660 1517 710 opusculum
1535 660 1643 699 foliis
1658 661 1716 702 10

363 722 404 761 et
423 720 589 762 dimidio
609 719 933 770 comprehensum
951 719 1186 770 inscriptum
1202 718 1403 771 Λιβανίου
1423 724 1612 768 σοφιστοῦ
1631 717 1715 759 ἔην

363 782 580 831 στολιμαῖοι
610 777 848 832 χαρακτῆρες
879 776 983 828 (sic).
1021 778 1168 828 Incipit
1192 775 1235 817 Ὁ
1265 775 1337 829 μὲν
1361 775 1623 825 interamnae
1647 793 1715 830 χα-

363 837 524 891 ρακτὴρ,
549 838 696 878 desinit
719 843 797 877 τῶν
822 837 1082 888 καταθυμίων
1101 835 1374 877 ἐπαπολαύων.
1411 835 1537 884 Τέλος.
1570 837 1618 875 In
1637 837 1715 876 fine

362 898 527 951 legitur:
552 898 691 946 Rlzeyii
715 897 1009 945 Linqobardiae
1032 897 1218 946 impensis
1242 897 1382 935 nobilis
1406 896 1577 935 Simonis
1595 897 1714 935 Bom-

363 959 465 997 basii
490 961 524 997 et
547 959 739 996 sociorum
763 957 914 996 Pontici
940 957 1098 995 Virunii
1122 958 1157 994 et
1171 956 1390 1006 presbyteri
1413 956 1597 1005 Dionysii
1615 955 1714 995 Ber-

364 1018 505 1056 thochi:
537 1017 772 1055 Benedictus
804 1017 994 1055 Mansius
1027 1015 1238 1064 Carpensis
1268 1016 1463 1064 impressit
1495 1016 1608 1053 1501
1634 1015 1715 1054 Iul.

365 1076 496 1116 Codex
521 1077 631 1115 cuius
657 1075 827 1127 vestigia
852 1087 893 1114 se
919 1088 1040 1126 quam
1065 1075 1363 1114 accuratissime
1386 1074 1575 1124 pressisse
1593 1076 1716 1112 testa-

363 1138 432 1175 tur
456 1136 596 1184 editor,
615 1135 736 1175 fuisse
760 1134 922 1173 videtur
938 1147 1017 1174 non
1037 1133 1239 1173 Parisinus
1262 1134 1373 1172 1389
1395 1145 1446 1172 sc.
1467 1132 1573 1181 XVI,
1599 1146 1714 1184 quem

365 1196 520 1234 censuit
529 1185 773 1233 W'eichertus
781 1207 817 1244 p.
826 1193 944 1240 LXX,
955 1193 1023 1232 sed
1032 1192 1153 1232 codex
1163 1205 1252 1231 cum
1259 1192 1508 1231 Berolinensi
1520 1191 1718 1232 artissime

366 1256 570 1305 cognatus.
591 1253 804 1303 Exemplar
823 1252 1008 1292 editionis
1026 1251 1145 1292 hodie
1163 1253 1391 1292 rarissimae
1414 1252 1455 1290 in
1475 1251 1720 1290 bibliotheca.

366 1313 586 1353 Bodleiana
605 1313 773 1363 repperi,
796 1313 908 1351 cuius
926 1311 1115 1351 lectiones
1135 1324 1159 1349 a.
1179 1310 1472 1349 Weichertiana
1491 1310 1715 1360 discrepan-

366 1377 426 1412 tes
445 1373 492 1411 A.
508 1372 553 1411 B.
568 1372 799 1422 Poyntonus
818 1371 916 1410 mihi
935 1371 1152 1421 exscripsit.
1185 1369 1289 1415 Quas
1308 1369 1454 1408 litteris
1467 1382 1521 1418 pr
1538 1369 1717 1420 signatas

366 1433 409 1471 in
434 1435 671 1482 apparatum
697 1431 837 1481 recepi.

428 1499 495 1537 57.
521 1497 634 1535 Idem
659 1497 722 1535 vir
746 1496 885 1535 doctus
911 1495 1092 1534 libellum
1117 1495 1159 1533 in
1184 1506 1402 1534 sermonem
1428 1493 1600 1532 latinum
1625 1505 1715 1532 con-

368 1557 491 1595 vertit
515 1558 555 1594 et
576 1555 749 1594 Antonio
769 1555 921 1604 Pyrrho
947 1554 1159 1602 dedicavit,
1183 1555 1231 1591 ut
1255 1553 1297 1591 in
1321 1553 1568 1602 praefatione
1590 1552 1716 1591 libelli

368 1618 458 1666 post
476 1619 645 1654 mortem
664 1615 789 1665 ipsius
809 1627 898 1653 cum
918 1613 1118 1653 Francisci
1138 1613 1254 1664 Nigri
1275 1612 1324 1651 de
1342 1612 1459 1651 modo
1479 1611 1716 1662 epistolandi

368 1676 544 1714 tractatu
569 1673 747 1713 Venetiis
779 1687 849 1724 per
880 1673 1068 1712 Ioannem
1099 1672 1147 1710 de
1173 1671 1337 1710 Tridino
1368 1671 1468 1710 alias
1498 1670 1715 1709 Tacuinum

369 1748 402 1773 a.
427 1735 539 1773 1525
568 1736 609 1772 et
632 1746 704 1783 per
722 1731 1013 1771 Bernardinum
1034 1731 1259 1770 Bindonum
1283 1743 1318 1770 a.
1341 1731 1453 1769 1544
1481 1729 1578 1768 editi
1602 1742 1718 1779 expo-

369 1795 451 1832 suit
485 1793 549 1831 his
585 1792 733 1832 verbis:
770 1793 993 1831 Ponticus
1038 1791 1270 1829 Vir-unius
1305 1791 1512 1838 nzaqnisz'co
1547 1788 1720 1827 Antonio

368 1853 519 1902 Pyrrho
545 1852 773 1900 benefacere.
805 1851 915 1890 Dum
934 1862 1053 1890 essem
1070 1850 1113 1888 in
1131 1850 1226 1889 navi
1243 1848 1392 1888 Antoni
1408 1849 1558 1898 Pyrrhe
1581 1869 1629 1875 -
1644 1859 1722 1896 per

369 1911 526 1950 Padum
550 1923 596 1950 ex
622 1911 765 1959 Rheyio
784 1909 1078 1958 Linyobardiae
1106 1909 1298 1948 Ticinium
1322 1909 1527 1956 naviyans,
1551 1908 1618 1946 ubi
1641 1918 1721 1945 non

369 1973 502 2010 minus
532 1971 679 2010 divitiis
709 1982 828 2019 quam
854 1966 984 2018 qloria
1013 1970 1209 2007 maiorum
1239 1969 1353 2014 flores
1378 1988 1436 1993 —
1459 1967 1590 2011 subiit,
1620 1965 1722 2014 quod

370 2031 485 2079 quasi
510 2032 705 2078 exemptus
729 2029 929 2067 laboribus
952 2029 1047 2067 meis
1064 2027 1222 2076 publice
1246 2026 1395 2074 leyendi
1417 2027 1462 2064 in
1485 2025 1549 2064 via
1566 2025 1638 2064 illa
1648 2036 1721 2073 po-

371 2093 494 2128 teram
525 2100 657 2128 amore
687 2091 751 2126 tuo
781 2089 826 2126 in
856 2088 1025 2126 latinum
1052 2088 1267 2126 convertere
1295 2096 1508 2124 sermonem
1538 2084 1720 2124 Libanii.

371 2160 484 2197 quem
513 2149 557 2187 in
587 2148 769 2186 manibus
798 2147 986 2186 habebam
1017 2149 1139 2185 artem
1170 2145 1428 2194 epistolarem,
1459 2143 1723 2192 appetentibus

372 2208 528 2247 laudem
553 2207 705 2246 dicendi
729 2206 1138 2253 accumulatissimam,
1168 2216 1256 2244 cum
1280 2206 1487 2252 tantopere,
1513 2202 1665 2241 tamdiu
1689 2203 1724 2240 ct

371 2267 512 2315 ubique
535 2267 692 2305 urbium
710 2267 872 2314 fuissem
890 2266 1060 2314 rogatus,
1084 2265 1214 2312 itaque
1232 2264 1333 2301 inter
1350 2262 1618 2310 navigandum
1637 2272 1724 2299 eam

365 2329 522 2374 partem
553 2326 742 2364 librorum
771 2325 909 2374 ipsius,
940 2335 1058 2371 quam
1088 2335 1175 2362 eum
1207 2322 1421 2360 erotematis
1450 2322 1725 2371 impresseram

438 2445 469 2486 1)
494 2444 595 2479 Num
622 2443 862 2479 Franciscum
889 2442 1127 2488 Philelphum
1154 2440 1363 2487 significat?
