1872 2924
178 202 364 243 uuum
388 202 473 248 0111
493 201 763 240 mammon
786 201 1139 241 anssAC‘rEREs
1164 201 1429 239 ssplsromcl
1467 201 1524 246 18

151 299 311 347 κτῆρος.
342 293 505 333 Desinit
529 292 594 332 ἰοὶ.
620 293 696 332 13'
720 291 852 333 verbis
878 290 905 342 fi
926 293 981 332 92
1008 290 1080 344 οὐχ
1105 289 1275 344 ἁρμόζει.
1308 289 1386 331 Sed
1406 304 1431 331 a
1449 291 1521 332 fol.

161 354 234 394 16¹
263 354 486 405 sequuntur
517 352 727 404 inscripta:
759 352 813 391 de
846 351 1076 403 epistolis
1108 351 1450 403 componendis
1476 353 1523 392 et

156 412 406 454 dictandis
431 411 727 465 παραδείγματα
751 416 831 451 τῶν
856 409 1072 451 ἐπιστολῶν
1091 411 1280 451 editionis
1299 411 1520 463 Hert-ungi-

157 485 258 514 anae
282 472 375 512 inde
400 484 426 511 a
449 474 627 524 χαλεπῶς
651 469 762 524 φέρω
784 492 834 499 -
858 470 1087 511 Graviter
1112 470 1303 521 quidem
1329 470 1431 511 fero
1455 483 1522 510 us-

157 544 238 584 que
256 532 307 571 ad
326 528 386 579 λζ’
406 529 598 584 Περιπὸν
616 528 689 582 μὲν
707 528 882 584 ἡγοῦμαι
903 552 959 558 --
980 530 1398 582 Supervacaneum
1417 531 1520 581 opi-

156 604 261 642 nor,
285 591 393 642 quod
417 590 565 631 desinit
583 591 650 630 fol.
674 592 750 631 77'
768 593 810 630 et
831 591 903 630 78¹
922 590 1053 630 verbis
1073 588 1168 642 ὅπερ
1187 588 1237 630 σὺ
1257 589 1419 642 πράξων
1437 588 1523 643 εἴης

155 650 227 693 διὰ
263 649 424 703 σαυτὸν,
460 649 609 704 ἔρρωσο
637 672 693 678 -
720 650 847 702 quod
883 649 943 689 du
980 651 1200 689 facturus
1238 663 1285 690 es
1322 652 1524 702 propter

156 723 324 763 ipsum.

218 771 309 811 Non
339 769 503 821 quidem
534 769 715 809 libellum
746 767 835 822 περὶ
866 767 1137 810 ἕπισταλτικοῦ
1167 774 1426 822 χαρακτῆρος,
1453 768 1524 809 sed

154 833 317 882 praeter
340 830 492 880 Aesopi
518 831 645 869 vitam
672 829 911 880 fabulasque
937 824 1027 882 (fol.
1048 830 1193 869 3—15
1215 831 1257 868 et
1276 823 1474 882 20—24)
1501 841 1522 867 e

155 890 434 930 Trithemiano
459 889 660 940 descripta
685 888 848 929 exhibet
873 889 1055 940 exempla
1078 888 1152 928 illa
1180 890 1235 928 34
1262 889 1384 928 codex

220 962 287 1001 29.
302 960 698 1001 Caroliruhensis
720 962 820 1011 507,
847 961 944 1000 olim
961 959 1177 1000 Christiani
1197 960 1394 1000 Ioachimi
1411 960 1510 999 Hal·
1523 969 1593 1000 439

157 1022 234 1060 leri
267 1021 316 1061 de
351 1020 609 1071 Hasserstein,
643 1020 784 1061 deinde
818 1020 1135 1060 Durlacensis
1172 1020 1257 1059 36r
1287 1022 1473 1060 exaratus
1498 1032 1523 1059 a

160 1080 424 1120 Wilibaldo
455 1080 821 1120 Pirckhaimero
853 1093 888 1119 a.
919 1081 1031 1120 1501
1066 1079 1236 1119 testibus
1261 1079 1522 1131 inscriptione

155 1140 354 1180 involucri
383 1140 676 1180 membranacei
705 1139 886 1189 Aesopus
920 1139 1097 1180 Graecus
1127 1138 1306 1188 Scriptus
1330 1152 1407 1189 per
1438 1139 1523 1178 Ho-

155 1195 416 1252 nor-andum]
440 1200 580 1239 Virum
612 1199 870 1240 wilibaldum
894 1199 1216 1239 pirckhamerum
1235 1195 1255 1252 s
1283 1200 1345 1238 De
1374 1199 1523 1238 Norin-

156 1260 276 1310 bcma
309 1260 427 1300 1512
446 1260 536 1300 WP
562 1261 603 1299 et
627 1259 916 1310 subscriptione
941 1258 1030 1299 folii
1054 1258 1189 1298 ultimi
1214 1253 1349 1312 (87'):
1379 1259 1436 1298 15
1465 1257 1523 1298 τὲ·

156 1321 226 1367 λος
255 1322 311 1359 01
321 1314 367 1372 ¹).
406 1318 631 1359 Goncinunt
664 1319 844 1370 exempla
879 1332 968 1358 cum
1001 1318 1312 1370 Hartungianis‚
1343 1318 1413 1357 sed
1442 1318 1524 1358 tria

157 1373 221 1431 (γ’
241 1374 394 1419 ’Λκούω
414 1389 467 1429 σε,
493 1375 537 1430 η’
560 1377 644 1430 Τὴν
662 1378 807 1431 μόνην,
827 1375 887 1430 ιη’
913 1378 1112 1418 Σπεύδετε
1135 1373 1238 1430 τοῖς)
1263 1378 1411 1418 omissa
1429 1380 1523 1417 sunt

158 1440 201 1478 et
220 1438 398 1492 γραωδες
415 1452 488 1490 μεν
506 1449 612 1478 εστιν
629 1440 677 1478 ut
698 1439 750 1478 17
772 1439 879 1478 inter
897 1451 1090 1491 προτερον
1107 1451 1151 1490 ys
1171 1440 1211 1476 et
1230 1436 1320 1477 ιδου
1340 1451 1361 1477 ο
1388 1437 1522 1484 δεκτος

155 1495 300 1550 χρόνος
322 1498 605 1549 interpositum
632 1500 703 1537 cst.
741 1497 883 1538 Versio
903 1498 1032 1537 latina
1050 1499 1157 1537 inter
1175 1497 1300 1537 lineas
1319 1496 1523 1537 rubricata

158 1559 231 1598 est.
265 1557 356 1596 Mea
380 1557 514 1610 gratia
538 1558 714 1609 inspexit
739 1556 906 1597 Carolus
930 1556 1206 1596 Preisendanz.

219 1616 379 1656 Tertiae
402 1618 638 1669 propaginis
662 1618 757 1658 sunt
781 1616 936 1656 codices

221 1688 290 1728 30.
309 1688 565 1729 Parisinus
583 1702 642 1740 gr.
655 1689 783 1737 1630,
795 1688 907 1739 prius
920 1689 1096 1728 numeris
1113 1688 1239 1738 1998,
1256 1688 1507 1737 2216‚3502
1523 1696 1593 1727 440

159 1748 378 1799 insignitus
391 1743 457 1802 (—
470 1743 522 1802 P)
541 1748 694 1787 formae
705 1747 822 1788 duod.
842 1747 884 1787 in
897 1748 1036 1788 charta
1058 1747 1237 1799 levigata
1254 1759 1308 1787 sc.
1322 1746 1419 1786 XIV
1431 1759 1520 1786 exa-

158 1810 271 1847 ratus
283 1807 495 1848 Francisco
507 1807 529 1847 Ῑ
547 1807 633 1859 regi
646 1806 854 1848 Gallorum
866 1807 916 1846 ab
931 1808 1143 1847 Antonio
1158 1807 1378 1857 Eparcho
1397 1805 1519 1846 dona-

158 1868 228 1906 tus
245 1868 348 1907 teste
364 1868 627 1918 inscriptione
646 1867 770 1908 foLS'
789 1872 918 1919 κτῆμα
937 1865 1136 1908 ἀντωνίου
1160 1872 1232 1906 τοῦ
1251 1865 1423 1919 ἐπάρχου
1432 1860 1481 1919 ²),
1499 1863 1521 1906 ὃ

159 1924 305 1967 δέδωκε
329 1929 383 1983 τῷ
398 1929 572 1982 κραταιῷ
596 1927 754 1979 βασιλεῖ
771 1929 917 1967 κελτῶν
936 1927 1004 1967 fol.
1027 1927 1270 1966 166'—170
1294 1925 1521 1965 rubricatus

161 1984 338 2037 πρόπλου
363 1991 434 2027 τοῦ
458 1989 709 2027 πλατωνικοῦ
733 1984 824 2038 περὶ
847 1985 1141 2038 ἐπιστολιμαίου
1160 1990 1417 2039 χαρακτῆρος.
1443 1985 1521 2025 De·

160 2044 332 2096 scriptus
358 2047 419 2086 est
443 2058 468 2085 a
486 2045 698 2085 Duebnero
722 2047 766 2084 in
787 2058 902 2086 usum
921 2045 1230 2094 Westermanni¹
1255 2044 1326 2095 qui
1345 2057 1437 2085 eum
1455 2045 1521 2084 lit-

159 2106 249 2144 tera
266 2105 306 2144 P
323 2105 564 2157 insignitum
583 2105 778 2146 adhibuit.
812 2105 934 2145 Cuius
954 2106 1154 2156 apparatu
1170 2103 1433 2153 Weichertus,
1451 2105 1522 2155 qui

160 2175 251 2203 eum
271 2163 419 2204 litteris
437 2165 499 2204 Pa:
516 2165 729 2217 insignivit
747 2179 783 2216 p.
806 2164 874 2214 IL,
893 2177 1045 2216 egoque
1065 2165 1130 2203 usi
1149 2176 1299 2204 sumus.
1324 2163 1521 2204 Hinckius

222 2256 257 2299 1)
288 2253 451 2299 Holder,
481 2255 552 2291 Die
583 2255 808 2292 Karlsruher
838 2254 1191 2300 Hand-christenp
1276 2253 1522 2296 ..Hausrath

161 2299 308 2395 {steri-a.
311 2283 591 2397 ffifi’gfflf'
610 2304 677 2339 der
702 2313 828 2348 aesop.
851 2302 994 2339 Fabeln
1019 2301 1079 2349 (N.
1098 2301 1229 2338 Jahrb.
1227 2258 1285 2338 υἱ.
1295 2300 1410 2337 klass.
1425 2301 1520 2337 Phil.

213 2360 266 2436 ξ)
282 2396 373 2444 Step
375 2397 411 2434 h.
436 2397 472 2434 le
504 2397 591 2444 Moy
593 2409 640 2434 ne
671 2397 789 2434 Varia
819 2397 1018 2434 Sacrorum
1042 2398 1069 2434 t.
1094 2397 1111 2433 1
1134 2396 1520 2444 (Lugd.Bat.1⁶84)

161 2444 289 2479 ⁶71⁶*
244 2457 289 2490 μ·
312 2409 484 2490 Πρόκλου
502 2451 570 2482 τοῦ
565 2410 764 2482 ἸΠατωνι
765 2451 835 2482 κοῦ
853 2446 939 2490 περὶ
966 2443 1245 2491 ἐπιστολιμαίου
1272 2448 1518 2491 χαρακτῆρος.
