1872 2924
412 191 433 232 5
452 192 485 224 ³.
523 187 589 224 DE:
614 187 800 226 comels
826 190 899 231 Ma
922 189 1282 228 PROPAGINIBUS
1474 191 1533 235 95

225 276 343 318 Alter
365 276 489 318 codex
513 280 575 317 est

229 337 298 378 58.
322 336 581 377 Parisinus
606 350 668 389 gr.
692 338 825 378 3024
851 338 977 378 chart.
997 339 1151 379 formae
1176 342 1253 379 oct.
1277 337 1372 380 mai.
1397 353 1520 380 manu
1533 348 1604 382 608

167 409 219 437 sc.
238 396 335 437 XVI
358 396 456 436 item
480 397 521 436 in
547 396 672 437 Italia
695 400 903 448 exaratus,
933 398 1030 438 olim
1058 398 1370 439 Golbertinus
1402 400 1532 450 3874,

167 458 255 496 tum
279 456 430 509 Regius
450 457 578 497 3284.
594 458 634 506 3,
654 457 721 497 fol.
744 458 890 497 1—9'.
922 457 997 498 Est
1020 456 1230 510 ἀκέφαλος.
1256 459 1363 499 Nam
1387 459 1534 512 incipit

167 515 300 557 verbis
323 513 346 557 ὁ
371 513 470 568 μέμ
494 531 530 556 τι
554 514 690 569 λαβὼν
714 529 774 568 ep.
795 518 881 558 408
908 517 1055 568 quibus
1084 519 1206 558 codex
1232 519 1531 559 Riccardianus.

167 575 358 627 Sequitur
381 589 441 628 ep.
463 576 561 616 547.
599 576 793 627 Reliquae
819 579 914 617 sunt
937 575 1206 631 ἀνεπίγραφοι
1230 581 1396 630 excepta
1421 583 1530 619 ante-

165 635 415 687 paenultima
441 637 674 693 Πρισκιανῷ
695 637 907 688 inscripta:
936 638 1063 677 1041.
1085 639 1153 677 22.
1185 640 1279 679 103.
1306 640 1403 679 511.
1431 640 1530 680 397.

169 696 237 736 74.
260 696 327 735 71.
347 696 445 736 420.
467 696 534 736 54.
562 697 660 735 553.
682 697 780 737 972.
801 697 899 737 398.
921 698 989 736 49.
1011 698 1111 737 379.
1132 698 1260 738 1184.
1283 699 1410 740 1330.
1432 699 1531 739 244.

169 755 267 795 227.
289 756 374 795 455
386 749 433 809 ²).
459 753 567 795 Ordo
586 767 677 795 cum
697 756 960 796 Riccardiano
981 769 1202 809 congruens
1220 758 1286 797 hic
1304 758 1390 798 illic
1408 758 1530 810 dispi-

167 815 292 864 citur,
316 814 387 855 sed
410 816 560 866 partim
585 815 801 867 epistulae,
826 829 930 867 quae
954 817 997 856 in
1022 817 1094 856 illo
1120 819 1279 867 extant,
1302 818 1529 858 desideran-

166 876 251 924 tur,
281 875 430 925 partim
461 877 618 926 extant,
656 888 759 927 quae
792 876 844 915 ab
874 876 947 916 illo
978 875 1138 916 absunt.
1183 876 1350 930 Ignotus
1382 878 1533 918 mansit

167 934 430 987 Rostgaardo.
485 935 696 986 Excerpsit
737 948 828 976 mea
869 936 1005 988 gratia
1048 936 1309 977 Wendelinus
1345 938 1531 978 Foerster

166 1006 202 1034 a.
226 994 351 1034 1873.
391 995 477 1046 Ego
503 996 731 1035 examinavi
754 1008 790 1035 a.
813 996 941 1036 1880.

226 1052 271 1093 Si
294 1066 374 1093 non
399 1068 420 1093 e
446 1054 650 1095 Marciano
675 1056 777 1106 ipso,
802 1058 908 1096 certe
934 1068 981 1095 ex
1001 1055 1138 1095 eodem
1160 1069 1240 1107 quo
1259 1057 1329 1097 ille
1348 1058 1529 1108 exemplo

165 1115 373 1165 excerptus
398 1115 460 1154 est
484 1114 606 1155 codex

227 1186 296 1226 54.
316 1185 607 1226 Mutinensis
626 1186 688 1227 ΠΙ
706 1186 744 1226 Δ
765 1189 783 1226 1
797 1190 817 1226 1
842 1182 992 1242 (XXV)
1004 1182 1052 1241 ²),
1071 1188 1197 1227 chart.
1210 1188 1362 1228 formae
1376 1191 1450 1229 oct.
1465 1201 1518 1228 sc.
1532 1196 1602 1229 508

166 1268 240 1307 xv
273 1269 342 1308 f01.
364 1270 539 1311 1-131.
567 1267 783 1321 Inscriptio
809 1251 1095 1311 AIBANior
1108 1253 1385 1312 (ΡιζτΤοΡοΣ
1407 1274 1530 1312 ΕΠΙ-

166 1332 402 1392 ΣΤΟΛΑῘε
433 1352 656 1403 rubricata,
686 1353 755 1394 sed
780 1367 904 1405 supra
922 1335 1195 1395 ῬῘΙΤΟΡΟΣ
1221 1369 1344 1395 manu
1374 1355 1531 1396 librarii

167 1411 294 1463 ipsius
331 1413 525 1463 scriptum
568 1415 628 1453 est
665 1419 869 1464 σοφιστοῦ.
919 1414 1129 1465 Epistulae
1165 1417 1261 1455 sunt
1296 1418 1532 1455 numeratae

166 1468 350 1519 α-σλξτ
380 1472 509 1523 prima
534 1474 596 1513 est
622 1475 726 1523 1973
757 1474 902 1513 ultima
928 1475 982 1514 97
1010 1475 1134 1525 paulo
1160 1478 1253 1525 post
1276 1475 1437 1515 initium
1463 1476 1529 1515 de·

168 1530 267 1570 sinit
290 1531 422 1572 verbis
446 1535 527 1580 τοῖς
551 1532 766 1586 γράμμασι,
790 1531 866 1574 κᾶν
890 1532 1035 1574 ἐκεῖνοι
1058 1529 1114 1587 (Χ
1136 1536 1205 1584 97,
1227 1530 1313 1588 13).
1346 1535 1424 1575 Sed
1450 1536 1531 1586 syl-

170 1591 265 1643 lcga
282 1593 344 1630 est
361 1591 566 1643 bipartita.
599 1592 715 1632 Prior
733 1594 837 1632 enim
859 1606 954 1644 pars
972 1593 1121 1634 desinit
1138 1595 1207 1634 fol.
1226 1596 1308 1635 102
1324 1608 1383 1646 ep.
1402 1596 1530 1645 1431,

166 1651 260 1701 post
284 1663 407 1702 quam
431 1664 512 1691 uno
537 1652 635 1692 folio
660 1665 788 1693 vacuo
814 1653 957 1694 relicto
983 1657 1124 1693 extant
1148 1654 1357 1694 Aeschinis
1380 1655 1530 1706 epistu-

166 1710 296 1750 stulae
320 1711 536 1762 inscriptae
554 1711 734 1764 αἰσχίνου
752 1712 919 1767 ῥήτορος
938 1711 1136 1754 ἐπιστολαὶ
1143 1743 1156 1766 ,
1181 1726 1352 1765 quarum
1377 1714 1530 1766 primae

167 1764 245 1823 (12
272 1770 332 1809 ed.
353 1767 548 1826 Hercher)
573 1772 704 1812 versio
722 1772 871 1813 Latina
888 1774 930 1812 in
950 1774 1131 1826 margine
1151 1774 1309 1814 adiecta
1327 1776 1398 1814 est.
1423 1775 1531 1814 Huic

167 1830 344 1870 succedit
362 1831 431 1871 fol.
447 1833 530 1871 113
556 1844 651 1883 pars
676 1832 804 1872 altera
828 1833 959 1873 denuo
984 1834 1180 1884 inscripta
1204 1834 1387 1886 λιβανίου
1412 1833 1529 1887 ῥήτο-

167 1903 237 1942 ρος
262 1887 479 1943 ἐπιστολαὶ,
510 1904 681 1943 quarum
712 1894 845 1944 prima
869 1888 958 1946 (σθ’
977 1911 1022 1924 ===
1045 1889 1151 1951 333)
1177 1894 1375 1945 spicilegii
1401 1895 1530 1934 instar

167 1948 353 1989 habenda
371 1953 444 2001 est,
456 1950 498 1989 id
517 1951 624 2002 quod
643 1965 723 1992 non
741 1952 958 2003 prohibuit,
978 1955 1193 2003 quominus
1211 1966 1272 2004 ep.
1291 1956 1387 2003 167,
1400 1955 1529 2004 partis

168 2008 313 2060 prioris
338 2006 437 2062 ρλῶ,
467 2011 511 2050 ἰιι
542 2011 617 2051 hac
647 2014 762 2062 parte
793 2012 866 2052 sub
892 2009 969 2052 σια’
994 2016 1253 2064 repeteretur.
1292 2013 1422 2052 Series
1448 2014 1528 2064 epi·

169 2068 369 2108 stularum
393 2070 626 2121 plerumque
652 2083 677 2110 a
701 2071 906 2112 Marciano
931 2072 1102 2122 diversa,
1127 2085 1218 2112 raro
1237 2085 1327 2112 cum
1346 2073 1418 2112 illo
1437 2085 1528 2112 con-

169 2140 270 2180 grua
303 2132 375 2168 est.
413 2129 592 2170 Dimidia
620 2131 703 2171 fere
734 2144 827 2183 pars
858 2132 1122 2182 epistularum
1154 2132 1301 2172 codicis
1336 2132 1531 2172 Marciani

231 2243 265 2288 1)
284 2241 392 2278 Hanc
410 2244 581 2290 sequitur
591 2244 656 2282 fol.
670 2249 712 2281 9*
730 2247 770 2282 et
790 2249 834 2282 10
854 2246 1035 2292 laqueatae
1053 2245 1176 2292 μέθησ
1193 2247 1234 2291 (t.
1247 2245 1331 2281 VIII
1346 2249 1527 2288 477,12-

169 2292 251 2333 479,
267 2291 343 2336 14),
375 2290 482 2327 cuiue
511 2292 551 2327 in
576 2292 748 2329 codicum
778 2293 942 2330 indicem
967 2293 1030 2330 hic
1055 2306 1089 2340 p.
1110 2297 1180 2329 443
1206 2295 1373 2340 pout-42.
1401 2293 1530 2329 Mona-

167 2347 315 2373 censem
341 2341 410 2374 537
435 2338 650 2376 referendus
675 2343 767 2377 erat.

229 2386 265 2431 2)
290 2385 466 2430 Puntoni,
491 2386 618 2424 Indice
640 2388 702 2424 dei
722 2389 842 2425 codici
861 2389 964 2435 greci
984 2388 1085 2425 della
1103 2388 1195 2425 bibl.
1215 2389 1372 2425 Estense
1391 2389 1430 2424 di
1450 2388 1528 2424 Μο-

169 2431 268 2469 dena
292 2433 411 2479 (stud.
431 2434 512 2471 ital.
539 2434 579 2470 di
603 2435 691 2473 filol.
712 2436 820 2473 class.
840 2437 905 2483 IV)
925 2440 994 2473 8⁹6
1007 2448 1062 2481 sq.
