1872 2924
308 226 395 268 206
616 224 981 261 PROLEGOMENA
1005 225 1071 261 AD
1092 225 1359 278 ‘EPISTULAS

308 315 429 354 etiam
442 313 754 353 Libanianarum
774 326 966 353 annexam
986 314 1349 365 pedetemptimque
1368 315 1556 355 insertam
1579 329 1664 356 esse

310 387 399 413 cum
423 386 495 423 per
519 386 560 412 se
586 373 746 423 quidem
769 373 978 423 probabile
1003 375 1064 412 est
1087 376 1174 413 tum
1198 374 1382 425 vestigiis
1400 374 1577 414 codicum
1597 387 1661 415 su·

308 434 522 483 perstitum
547 432 813 472 confirmatur.
849 431 1099 482 Quamquam
1119 433 1193 472 hoc
1212 446 1292 472 non
1311 434 1370 472 ita
1389 434 1663 484 accipiendum

311 494 383 541 est,
406 492 453 530 nt
476 492 642 537 codices,
668 493 738 541 qui
757 491 1035 541 corpusculum
1053 505 1125 542 per
1144 504 1184 530 se
1203 495 1388 532 constans
1409 495 1450 532 et
1467 494 1664 543 peculiari

309 551 569 601 inscriptione
598 551 833 602 insignitum
865 550 1064 599 exhibent,
1094 552 1404 591 vetustissimam
1431 554 1663 592 memoriam

310 610 490 650 reddant.
522 610 626 649 Nam
653 612 745 648 sunt
769 610 850 648 fere
876 611 1020 649 aetatis
1038 610 1270 649 recentioris
1289 613 1527 662 tantumque
1540 611 1665 660 abest,

310 673 358 709 ut
382 683 427 708 ex
453 669 541 719 ipso
560 669 631 708 illo
651 669 883 719 corpusculo
902 669 1140 722 primigenio
1159 670 1326 720 profecti
1346 671 1439 721 sint,
1463 673 1512 710 ut
1530 671 1580 710 ad
1600 684 1665 710 co-

311 729 419 768 dices
451 729 618 768 alterius
643 730 809 779 generis,
839 728 880 767 id
906 731 967 768 est
991 729 1249 779 epistularum
1277 729 1341 767 vel
1366 730 1664 769 Basilianarum

310 789 376 828 vel
400 788 714 827 Libanianarum
739 788 1003 837 collectiones,
1026 788 1203 829 redeant.
1237 788 1364 827 Immo
1386 802 1480 829 vero
1500 789 1665 839 codices,

315 848 384 898 qui
410 848 602 898 epistulas
628 848 852 897 corpusculi
876 847 1059 897 epistulis
1078 847 1220 886 Basilii
1244 848 1448 887 immixtas
1467 849 1664 898 exhibent,

312 919 392 945 non
418 907 546 946 solum
572 908 716 955 aetate,
741 907 810 946 sed
835 908 956 945 etiam
981 906 1058 944 fide
1078 909 1228 946 ceteros
1249 909 1452 957 superant,
1477 910 1523 947 ut
1548 922 1569 947 e
1586 909 1663 947 lec-

313 966 489 1005 tionibus
515 978 602 1004 cum
629 966 918 1016 exemplaribus
938 965 1119 1017 Gregorii
1142 967 1183 1004 et
1203 965 1380 1017 Stagirii,
1406 979 1508 1016 quae
1529 969 1668 1007 auctor

316 1026 578 1076 epistularum
605 1028 762 1065 secutus
788 1027 860 1074 est,
885 1025 1183 1064 concinentibus
1208 1025 1348 1065 elucet.

373 1085 516 1135 Itaque
542 1085 593 1124 ab
617 1085 680 1124 his
703 1084 865 1123 initium
891 1087 951 1124 est
969 1085 1206 1124 faciendum.
1238 1084 1395 1137 Agmen
1414 1097 1508 1124 vero
1530 1098 1667 1125 eorum

315 1145 428 1183 ducit
452 1144 573 1183 codex
598 1145 794 1195 singulari
816 1144 1032 1183 lectionum
1055 1145 1306 1195 praestantia
1329 1144 1498 1197 insignis

244 1207 312 1239 615
375 1205 474 1243 292.
500 1203 767 1243 Vaticanus
798 1204 1086 1255 Reginensis
1116 1216 1174 1255 gr.
1198 1205 1251 1243 18
1285 1198 1349 1256 (==
1371 1200 1474 1255 Reg)
1505 1203 1668 1243 membr.

315 1264 467 1302 formae
498 1263 587 1302 folii
611 1263 827 1302 secundum
852 1263 1182 1313 subscriptionem
1207 1263 1273 1302 fol.
1298 1263 1382 1302 250
1408 1261 1616 1314 ἐτελειώθη
1640 1261 1666 1315 ἡ

318 1321 450 1369 δέλτος
472 1317 477 1376 Ι
500 1322 601 1373 αὕτη
627 1321 702 1362 σὺν
727 1328 774 1374 τῆ
799 1320 908 1375 ἑτέρα
932 1317 1088 1376 ταύξτης
1113 1320 1274 1375 δευτέρα
1298 1322 1420 1374 βίβλω
1441 1321 1506 1361 διὰ
1523 1317 1527 1377 Ι
1543 1321 1670 1375 χειρὸς

316 1416 524 1470 θεοδώρου
556 1385 581 1456 ἔτ
607 1412 651 1470 (i.
672 1430 704 1457 e.
724 1412 940 1471 μονάχου)1
961 1415 1054 1468 μηνὶ
1082 1431 1184 1469 φευρ
1210 1415 1250 1470 ἦ
1275 1380 1314 1456 ις’
1339 1432 1381 1456 ια
1398 1415 1511 1464 ἔτους
1530 1431 1670 1469 Ιαφπα

318 1490 352 1516 a.
375 1477 487 1516 1073
521 1489 545 1515 a
571 1476 778 1516 Theodoro
803 1476 998 1516 Monacho
1008 1472 1040 1529 ¹)
1070 1476 1224 1515 duabus
1250 1476 1445 1516 columnis
1471 1478 1671 1526 exaratus,

317 1537 388 1587 qui
419 1537 598 1576 continet
621 1536 765 1575 Basilii
789 1549 910 1586 opera
934 1531 1159 1589 (homilias)
1185 1538 1306 1586 atque
1330 1537 1436 1574 inter
1458 1536 1556 1574 haec
1579 1538 1672 1586 post

316 1593 416 1647 πρὸς
446 1593 520 1646 τὴν
553 1592 747 1648 ὁμόζυγον
771 1595 976 1646 νεκταρίου
1002 1593 1332 1648 παραμυθητικὸς
1357 1596 1424 1634 fol.
1448 1596 1670 1634 223—230

317 1655 576 1705 inscriptione
606 1656 754 1705 privas,
785 1655 854 1694 sed
885 1654 1009 1705 signis
1040 1651 1102 1694 20¹
1127 1649 1172 1708 (i.
1197 1667 1229 1694 e.
1248 1649 1382 1708 λόγος)
1407 1648 1586 1694 λθ-νθ’
1609 1655 1671 1693 in-

318 1714 487 1766 signitas
508 1714 700 1764 epistulas
721 1715 773 1752 21
796 1716 976 1753 mutuas:
1005 1715 1159 1753 1—12.
1183 1714 1369 1752 15—21.
1391 1714 1457 1752 13.
1481 1715 1547 1752 14.
1574 1713 1670 1752 Suc-

319 1773 426 1812 cedit
454 1786 620 1813 numero
645 1766 684 1821 ξ’
708 1772 901 1825 insignita
925 1778 995 1812 τοῦ
1020 1771 1144 1812 αὐτοῦ
1168 1770 1349 1824 ἐπιστολὴ
1373 1769 1463 1824 περὶ
1480 1770 1672 1824 τελειότη-

319 1846 385 1879 τος
409 1832 500 1884 βίου
525 1831 755 1883 μοναδικοῦ.
795 1831 1002 1872 Coi-rectus
1027 1835 1088 1871 est
1105 1832 1290 1872 manibus
1308 1831 1476 1881 duabus,
1501 1844 1669 1882 quarum

318 1891 429 1942 prior
454 1887 519 1945 (ι-
539 1886 616 1945 m’)
642 1892 795 1943 primae
819 1891 1001 1942 proxima
1025 1893 1249 1931 atramento
1267 1890 1432 1942 pallido,
1458 1891 1586 1930 altera
1604 1886 1669 1944 (-

319 1945 398 2004 m⁸)
422 1951 538 2002 nigro
563 1963 637 1990 usa
661 1954 732 1990 est.
772 1950 954 1991 Proxime
979 1951 1157 1989 omnium
1182 1950 1363 1990 codicum
1387 1949 1437 1989 ab
1456 1950 1673 2000 archetypo

320 2011 415 2059 stat,
444 2010 488 2048 id
518 2010 625 2060 quod
654 2010 907 2061 potissimum
939 2022 984 2048 ex
1015 2023 1076 2061 ep.
1097 2011 1123 2048 8
1150 2012 1190 2049 et
1216 2010 1270 2049 13
1297 2012 1482 2060 apparet3
1511 2021 1605 2048 nam
1629 2009 1672 2047 in

320 2070 383 2108 his
407 2081 508 2108 unus
535 2069 711 2108 omnium
735 2070 872 2109 multis
894 2069 991 2108 locis
1010 2082 1100 2108 cum
1118 2068 1303 2120 Gregorii
1321 2068 1494 2118 epistula
1511 2080 1672 2108 consen-

321 2130 386 2179 tit,
416 2141 535 2179 quam
568 2131 707 2168 auctor
735 2128 915 2180 figmenti
945 2129 1180 2179 exemplaris
1210 2128 1298 2167 loco
1330 2130 1487 2167 secutus
1512 2129 1582 2168 est.
1625 2127 1673 2166 In

323 2201 383 2238 ep.
404 2187 430 2227 8
461 2187 561 2241 πρὸς
592 2187 715 2235 αὐτὰς
745 2191 838 2227 ante
868 2186 937 2235 τὰς
961 2189 1002 2227 et
1025 2202 1112 2227 τινα
1138 2190 1231 2227 ante
1255 2186 1448 2238 κνίσματα
1473 2199 1596 2237 aeque
1621 2186 1672 2225 ab

322 2260 369 2286 eo
401 2249 522 2297 atque
547 2260 572 2286 a
597 2246 788 2299 Gregorio
812 2250 918 2287 recte
944 2247 1098 2297 absunt,
1129 2259 1231 2297 quae
1255 2246 1401 2296 reliqui
1425 2245 1475 2285 ad
1501 2258 1672 2285 commu-

322 2319 414 2344 nem
443 2307 594 2346 fontem
626 2307 837 2346 redeuntes
866 2307 1131 2356 inseruerunt,
1161 2308 1202 2344 et
1225 2310 1296 2345 τοῦ
1320 2302 1477 2353 ἄνθους
1501 2301 1528 2356 ἡ
1552 2303 1675 2354 φύσις

322 2364 391 2413 τὰς
415 2363 556 2413 λεπτὰς
579 2364 730 2413 ἐκείνας
753 2363 937 2413 ἀκάνθας
962 2378 1051 2405 cum
1076 2364 1268 2416 Gregorio
1286 2364 1464 2415 praebet,
1488 2362 1595 2414 quod
1612 2363 1675 2402 illi

384 2456 419 2500 1)
444 2454 842 2501 Vogel-Gardthausen
869 2459 947 2491 140.
