1872 2924
418 225 440 267 ς
459 225 492 258 8.
532 220 594 257 ΒΕ
620 220 805 258 CODICIS
838 221 891 258 Vo
915 219 1275 257 PROPAGINIBUS
1476 219 1530 263 81

167 324 245 354 sua
264 312 417 353 codicis
443 306 760 361 Daeodosioeni1).
795 310 892 350 Vide
913 322 1002 350 eum
1019 311 1063 350 in
1082 311 1301 359 Fiqurius.
1329 308 1432 349 Sunt
1450 308 1533 360 epi-

170 373 300 413 stulae
313 370 454 424 α-ἁῖγ
466 367 532 424 (-
543 373 562 410 1
574 391 613 399 -
622 373 672 410 11
682 366 767 424 10).
786 370 832 409 In
843 370 920 410 fine
933 370 1100 422 legitur:
1111 368 1218 417 τέλος
1228 374 1307 409 τῶν
1318 366 1534 409 ἐπιστολῶν

169 437 240 472 τοῦ
263 430 445 484 λιβανίου
470 428 572 482 ὁμοῦ
598 429 685 470 ὅλαι
702 427 804 483 ,αιγῖ
837 430 974 470 Etiam
993 430 1035 469 in
1061 430 1241 482 margine
1260 429 1432 482 singulis
1451 430 1533 480 epi-

171 491 292 531 stulis
316 491 474 530 numeri
499 490 693 541 adscripti
717 492 822 539 sunt,
847 491 920 541 qui
945 489 1145 529 debebant
1170 501 1255 529 esse
1280 488 1389 528 iusti.
1427 488 1533 535 Quo-

169 565 255 591 rum
280 551 448 590 ultimus
473 554 534 589 est-
562 551 659 590 996.
695 548 773 589 Sed
793 562 843 588 ne
862 550 961 588 haec
980 549 1142 600 quidem
1160 549 1387 588 numeratio
1406 548 1534 588 libera

170 612 348 663 peccatis
372 612 444 650 est.

230 671 298 710 26.
325 669 402 710 Sed
423 669 599 709 Clericus
618 670 742 709 etiam
760 671 917 720 partem
943 669 1085 709 harum
1105 668 1371 719 epistularum
1390 667 1521 708 denuo
1534 675 1603 707 482

166 731 408 781 descriptam
440 729 564 769 latine
588 730 712 768 vertit
734 729 921 779 notisque
948 728 1135 768 brevibus
1160 728 1363 768 instruxit.
1401 727 1532 767 Libel-

169 790 232 830 lus
258 790 445 830 foliorum
475 790 558 828 145
584 789 722 828 eadem
748 788 817 828 via
841 787 894 828 ad
919 787 1163 828 Dorvillium
1189 791 1230 827 et
1254 789 1297 826 in
1321 787 1533 827 bibliothe-

168 862 255 889 cam
276 849 540 889 Bodleianam
566 850 688 898 venit,
713 850 756 887 in
782 860 865 899 qua
888 849 996 887 iuter
1020 848 1174 888 codices
1194 847 1533 887 Dorvillianos

167 913 229 950 est
253 909 301 949 X.
322 909 353 948 1.
375 911 415 958 4,
436 903 517 962 5²).
556 908 660 948 Sunt
683 908 880 959 epistulae
905 908 1122 947 secundum
1144 908 1325 947 ordinem
1344 906 1532 958 alphabe—

167 970 289 1009 ticum
315 970 523 1008 nominum
556 981 698 1008 eorum
723 968 775 1007 ad
799 980 899 1018 quos
924 968 1043 1008 datae
1068 970 1164 1007 sunt
1188 968 1371 1019 digestae
1395 979 1534 1006 nume-

167 1030 302 1081 risque
322 1041 421 1080 quos
443 1028 485 1067 in
505 1028 739 1081 apographo
758 1028 831 1067 illo
849 1028 970 1078 pleno
983 1030 1129 1080 gerunt
1140 1028 1370 1079 insignitae.
1396 1026 1534 1067 Prima

166 1092 228 1128 est
254 1090 354 1138 931,
377 1088 523 1127 ultima
545 1089 671 1137 1075,
704 1087 817 1127 cuius
847 1089 889 1126 in
922 1087 999 1126 fine
1030 1087 1098 1128 fol.
1121 1089 1207 1128 140
1238 1087 1390 1139 legitur
1412 1084 1532 1134 τέλος.

166 1148 245 1188 Sed
265 1150 388 1188 etiam
408 1160 498 1187 cum
517 1148 645 1187 latina
658 1149 841 1187 versione
853 1148 923 1188 fol.
941 1149 1161 1188 141—145
1177 1147 1369 1199 leguntur
1381 1146 1533 1197 epistu-

166 1209 229 1248 lae
242 1206 310 1248 διὰ
322 1214 395 1248 σοῦ
409 1208 541 1260 μεῖζον
551 1202 824 1262 (Anatolio)
836 1208 863 1248 i.
878 1220 910 1246 e.
925 1207 1016 1247 finis
1029 1208 1183 1258 ep.339
1205 1201 1299 1261 (tx
1319 1220 1356 1258 p.
1370 1208 1469 1255 321,
1486 1201 1531 1258 7)

167 1274 209 1308 et
239 1282 300 1320 ep.
315 1269 413 1308 362.
450 1267 581 1307 Notae
607 1266 751 1307 Clerici
780 1269 875 1306 sunt
905 1266 1043 1307 breves
1072 1268 1350 1318 imprimisque
1376 1267 1532 1318 generis

166 1327 522 1380 prosopographici
553 1340 679 1378 aeque
712 1329 833 1378 atque
865 1340 954 1376 eae,
985 1339 1085 1378 quas
1118 1325 1453 1366 Gothofredus
1488 1326 1530 1365 in

170 1389 350 1440 margine
376 1387 543 1427 addidit.

227 1450 294 1487 27.
322 1447 408 1486 Hae
429 1459 522 1486 vero
541 1447 722 1487 diversae
741 1448 836 1486 sunt
855 1459 878 1485 a
897 1447 1057 1496 ,Notis
1077 1445 1407 1499 αὐτογράφοις
1426 1445 1517 1485 Iac.
1533 1452 1601 1484 483

167 1506 459 1547 Gothofredi
484 1507 542 1546 ad
560 1506 812 1558 Epistolas
832 1506 1030 1546 Libanii
1057 1519 1109 1546 ex
1129 1506 1294 1546 codice
1314 1505 1422 1557 Beg.
1442 1504 1530 1544 Pa-

167 1569 247 1607 ris.
267 1566 419 1606 aDau.
438 1565 625 1606 Clerico
645 1565 942 1617 descriptas‘,
962 1578 1064 1616 quae
1085 1566 1278 1616 quattuor
1296 1565 1405 1604 foliis
1425 1577 1532 1604 com-

165 1627 381 1678 prehensae
411 1626 528 1666 hodie
559 1627 602 1665 in
629 1625 874 1666 Collectione
900 1625 1100 1666 Wolfiana
1125 1625 1352 1664 Libauiana
1382 1624 1530 1664 biblio-

164 1687 303 1726 thecae
328 1686 489 1726 urbicae
515 1685 831 1738 Hamburgensis
857 1682 962 1739 (cod.
984 1680 1060 1738 43)
1069 1680 1105 1738 ³)
1130 1686 1398 1725 asservantur.
1442 1684 1529 1724 Hae

165 1748 271 1786 enim
301 1746 450 1798 partim
488 1746 714 1798 exegeticae
751 1746 899 1797 partim
937 1745 1100 1785 criticae
1135 1745 1330 1795 epistulas
1365 1746 1526 1784 1-212

166 1806 387 1858 apographi
400 1819 425 1845 a
439 1804 590 1845 Clerico
608 1807 652 1844 in
671 1818 786 1845 usum
800 1804 1036 1845 Gothofredi
1055 1806 1154 1844 facti
1172 1805 1402 1855 respiciunt.
1428 1803 1529 1843 Mihi

164 1866 376 1917 descripsit
405 1866 499 1904 Ern.
532 1865 872 1917 Rautenbergius,
909 1865 1005 1904 olim
1039 1865 1261 1904 commilito
1293 1866 1333 1902 et
1364 1865 1528 1903 amicus.

165 1925 302 1965 Pauca
326 1925 565 1975 proferenda
590 1925 677 1964 visa
706 1927 810 1964 sunt.

228 1987 295 2025 28.
319 1985 498 2024 Tertium
525 1985 799 2037 apographum
825 1983 971 2023 codicis
995 1983 1171 2023 Parisini
1199 1985 1349 2022 factum
1376 1986 1438 2022 est
1463 1982 1516 2022 ab
1529 1990 1594 2022 48⁴

166 2045 344 2085 Ioanne
371 2044 594 2094 Boivino,
620 2044 726 2095 quod
752 2044 917 2095 periisse
941 2040 1119 2093 videtui-3

229 2106 296 2144 29.
316 2106 502 2155 quartum
522 2103 801 2143 Fridericus
814 2103 1147 2155 Rostgaardus
1161 2102 1326 2142 Parisiis
1346 2115 1381 2142 a.
1398 2102 1512 2142 1696
1529 2109 1598 2140 485

167 2163 392 2203 faciendum
429 2163 601 2214 curavit,
637 2164 697 2202 ita
730 2165 866 2202 tamen
902 2164 949 2202 ut
983 2175 1096 2213 pars,
1140 2175 1200 2213 ep.
1233 2158 1306 2214 ρθ’
1333 2156 1398 2216 (==
1420 2156 1526 2216 109)

171 2218 385 2276 -τκθ’(τ-
398 2218 517 2276 339),
536 2236 557 2262 e
571 2222 732 2262 Boivini
752 2222 985 2274 apographo
1005 2222 1332 2271 describerentur,
1350 2224 1398 2261 ut
1410 2222 1526 2261 Rost-

229 2327 262 2370 1)
287 2325 432 2362 Revera
455 2325 503 2361 de
553 2325 650 2361 riore
675 2325 894 2371 apographo
919 2324 1160 2369 cogitandum
1189 2324 1256 2360 est.

227 2376 264 2419 2)
289 2372 342 2409 cf.
369 2374 498 2409 notam
526 2337 704 2408 gorvillii
729 2372 769 2408 in
797 2371 924 2408 Wolfii
948 2372 1117 2409 editione
1147 2372 1228 2408 Lib
1256 2383 1291 2418 p.
1313 2374 1383 2407 864
1416 2372 1484 2408 col.
1508 2376 1524 2407 1

167 2420 215 2455 ad
241 2432 300 2467 ep.
325 2423 408 2457 828.
439 2419 594 2456 Codices
620 2420 802 2456 Manuscr.
825 2418 1123 2456 D’orv.1.1.21.

228 2471 264 2514 3)
288 2467 344 2505 cf.
369 2479 484 2514 supra
507 2480 545 2514 p.
565 2471 609 2503 79
636 2479 671 2503 ιι.
693 2471 749 2504 24.
