1872 2924
441 221 463 262 ς
483 220 538 254 15.
576 215 641 253 DE
666 215 820 254 COMM.
839 214 987 252 EPIs'r.
1006 219 1065 253 24.
1085 219 1143 252 26.
1166 219 1208 252 11
1420 214 1507 259 199

144 304 291 349 Basilii
319 319 413 348 vero
444 317 587 347 nomen
611 305 685 345 illa
709 307 843 345 aetate
867 306 1056 357 frequens
1082 305 1179 345 fuit:
1210 318 1337 345 unum
1362 304 1504 345 Basilii

146 367 282 421 Magni
300 371 458 421 patrem
478 377 695 418 cognomen
721 365 864 415 affero,
889 365 985 416 quia
1010 364 1116 405 idem
1140 365 1277 405 rhetor
1302 368 1400 405 erat.
1426 364 1505 405 De·

145 427 266 479 nique
300 439 350 467 ne
382 427 471 478 quis
502 425 615 465 aliud
645 425 740 465 talis
770 425 914 465 Basilii
938 437 1030 465 cum
1058 424 1226 465 Libanio
1255 426 1389 465 vetere
1413 436 1505 465 con·

143 487 330 528 tubernio
348 486 557 526 coniuncti
577 485 792 537 vestigium
812 484 946 524 deesse
965 485 1146 535 miretur,
1170 484 1386 525 tenendum
1405 486 1466 524 est
1484 498 1507 524 e

142 548 283 599 paucis
307 548 467 587 tantum
491 545 607 585 annis
632 544 826 596 epistulas
851 543 1013 584 Libanii
1037 544 1089 583 ad
1114 556 1186 584 nos
1211 545 1379 585 venisse.

206 605 399 647 Basilium
426 607 562 645 autem
586 617 746 645 comm.
767 617 828 655 ep.
849 598 904 645 25
930 600 997 658 (ε-
1017 617 1077 655 ep.
1099 600 1206 658 647)
1233 604 1402 644 eundem
1421 616 1507 644 esse

144 667 356 718 quominus
377 667 614 711 statuamus,
632 664 691 704 nil
711 664 863 714 obstatr,
890 664 939 704 cf.
959 663 1094 713 verba,
1114 664 1259 715 quibus
1277 663 1422 714 incipit
1439 661 1507 703 καὶ

143 724 420 778 πῶς-χρόνος
444 720 521 779 (ΧῙ
541 725 640 775 596,
663 725 715 763 16
737 719 827 775 sq.).
866 723 984 770 Quod
1007 724 1106 763 haec
1130 723 1306 775 epistula
1324 723 1367 763 in
1387 723 1426 763 V
1440 722 1507 762 de-

143 788 218 835 est,
242 785 499 825 offensionem
524 796 604 824 non
629 783 761 823 habet.
799 783 936 823 Facile
961 783 1123 823 admitti
1141 787 1277 835 potest
1294 779 1507 823 librarium

143 857 232 885 eam
263 844 306 884 in
330 856 495 896 corpore
518 843 846 895 praetermisisse,
877 844 973 894 quia
998 855 1087 882 eam
1111 843 1154 882 in
1179 843 1416 895 corpusculo
1442 856 1507 882 ex·

143 904 279 945 hibere
304 905 444 954 voluit,
469 906 513 943 at
536 905 677 955 postea
701 903 849 944 omisit.
887 903 1018 943 Locus
1036 915 1144 953 vero,
1169 916 1285 954 quem
1306 904 1348 942 in
1370 903 1431 943 Va
1451 903 1509 943 Vo

144 967 175 1004 S
198 965 270 1004 Mo
290 964 395 1005 Vina
412 963 491 1003 Aah
518 963 604 1005 Vat.
626 965 681 1003 64
701 964 839 1014 itaque
859 963 901 1002 in
921 963 1139 1014 archetypo
1159 962 1383 1003 Libaniano
1401 964 1510 1002 inter

146 1025 231 1064 646
258 1028 300 1064 et
325 1024 411 1063 648
437 1017 523 1077 (vel
549 1024 649 1073 649,
673 1025 719 1063 ut
742 1024 786 1062 in
809 1018 857 1077 S)
884 1025 1006 1073 tenet,
1032 1035 1122 1063 eam
1146 1035 1183 1063 a.
1203 1024 1287 1063 361
1316 1022 1508 1073 scriptam

143 1096 229 1124 esse
258 1083 413 1135 probat.
455 1083 648 1124 Basilium
680 1095 774 1123 vero
806 1083 998 1135 Magnum
1027 1083 1102 1123 hoc
1133 1095 1237 1123 anno
1268 1082 1508 1123 Antiochiae

143 1146 349 1184 versatum
381 1155 479 1194 esse,
509 1143 551 1182 id
576 1142 683 1194 quod
708 1144 854 1183 statuit
879 1142 1068 1182 Seeekius
1095 1143 1165 1192 33,
1196 1143 1340 1194 quavis
1364 1142 1507 1193 proba-

143 1203 303 1243 bilitate
328 1204 448 1243 caret.
486 1202 570 1243 Nec
594 1202 723 1255 magis
748 1204 1034 1255 argumentum
1059 1215 1119 1254 ep.
1141 1203 1224 1242 647
1253 1215 1343 1242 cum
1366 1215 1507 1242 comm.

144 1277 206 1315 ep.
230 1264 284 1303 10
310 1265 587 1314 comparatum
609 1262 821 1313 permittit,
846 1262 953 1313 quod
973 1262 1071 1302 olim
1092 1262 1300 1302 Benzelius
1320 1263 1508 1312 opinatus

143 1325 223 1373 est,
242 1335 302 1374 ep.
318 1323 401 1363 647
424 1322 476 1362 ad
493 1323 548 1362 10
566 1322 815 1374 respondere.
848 1321 975 1362 Stilus
994 1335 1089 1363 vero
1108 1323 1289 1362 neutrius
1309 1322 1509 1372 epistulae

144 1382 358 1434 quicquam
385 1394 410 1422 a
435 1381 606 1422 Libanio
631 1381 771 1422 absoni
794 1382 971 1434 praebet.
1005 1382 1135 1422 Immo
1160 1382 1313 1422 locutio
1338 1394 1399 1432 ep.
1420 1382 1507 1421 647

146 1441 466 1496 ἔμοιγε-χρόνος
490 1436 568 1496 (ΧῙ
594 1442 692 1492 596,
723 1439 795 1495 17)
820 1442 864 1480 in
888 1454 1123 1482 memornam
1147 1443 1266 1482 vocat
1289 1441 1422 1481 locum
1447 1453 1509 1492 ep.

148 1503 260 1542 1321
280 1498 578 1554 ἡμεῖς-ἕξομεν
590 1496 667 1556 (xl
688 1502 786 1551 379,
812 1502 863 1541 18
878 1496 968 1555 sq.)‚
987 1502 1064 1541 etsi
1082 1503 1293 1553 utriusque
1306 1501 1511 1552 exemplar

144 1562 226 1601 fuit
249 1561 361 1601 locus
386 1561 509 1601 Thuc.
530 1561 550 1601 I
577 1562 675 1611 129,
695 1562 734 1602 3.
772 1560 885 1608 Quae
909 1574 1000 1601 cum
1024 1562 1085 1601 ita
1109 1561 1203 1611 sint,
1228 1573 1316 1601 cum
1343 1560 1510 1601 Seeckio

145 1622 203 1661 30
223 1621 471 1662 consentiens
497 1621 581 1661 has
600 1620 719 1660 duas
738 1621 980 1672 epistulas
999 1620 1204 1661 Libanio
1225 1620 1510 1671 relinquen-

145 1681 230 1721 das
260 1693 386 1732 eoque
416 1693 498 1732 quo
528 1682 571 1720 in
596 1692 760 1732 corpore
785 1681 960 1720 traditae
985 1683 1079 1720 sunt
1108 1681 1197 1721 loco
1221 1680 1508 1731 imprimendas

143 1753 274 1791 neque
294 1744 430 1780 tamen
455 1753 481 1780 a
504 1740 738 1791 corpusculo
763 1740 1023 1781 removendas
1048 1753 1133 1781 esse
1158 1741 1304 1780 censui.

206 1799 359 1840 Similis
384 1801 514 1851 primo
538 1800 684 1841 obtutu
708 1799 868 1840 videtur
894 1799 1075 1840 condicio
1101 1812 1186 1840 esse
1213 1812 1355 1840 comm.
1375 1813 1435 1851 ep.
1456 1792 1509 1839 ll.

143 1859 295 1900 Extitit
324 1860 487 1911 quidem
511 1860 554 1900 in
579 1862 689 1900 fonte
714 1859 898 1900 codicum
918 1860 978 1899 Va
999 1859 1066 1910 Vo,
1092 1861 1165 1911 qui
1189 1871 1278 1899 eam
1305 1872 1397 1899 cum
1422 1860 1504 1910 epi·

144 1919 264 1959 stulis
295 1920 462 1959 aestatis
488 1932 524 1960 a.
545 1920 631 1960 358
656 1920 764 1959 inter
787 1932 848 1970 ep.
869 1920 956 1960 350
981 1921 1023 1958 et
1049 1920 1133 1960 351
1161 1919 1366 1970 praebent,
1398 1921 1442 1958 at
1466 1920 1509 1958 in

146 1979 364 2030 archetypo
382 1992 462 2019 non
481 1978 578 2029 fuit3
598 1979 709 2019 deest
727 1980 834 2019 enim
852 1979 895 2018 in
913 1991 1078 2030 corpore
1097 1978 1244 2019 codicis
1265 1979 1309 2029 V,
1329 1979 1402 2030 qui
1420 1991 1511 2018 eam

146 2039 188 2077 in
214 2039 364 2078 mutuis
387 2040 547 2078 tantum
573 2038 648 2078 sub
670 2052 776 2078 num.
795 2034 838 2078 κ’
864 2039 932 2078 fol.
955 2039 1062 2079 435*
1087 2038 1264 2090 praebet,
1290 2039 1331 2078 et
1354 2039 1398 2077 in
1417 2039 1510 2077 aliis

146 2097 361 2138 codicibus.
395 2098 535 2150 Neque
559 2098 726 2138 consilio
751 2098 926 2148 epistula
951 2099 1193 2138 intercalata
1217 2100 1295 2146 eet,
1321 2097 1390 2138 sed
1414 2110 1510 2138 casu

145 2158 280 2197 nescio
304 2169 384 2208 quo
406 2157 568 2209 irrepsit
587 2158 629 2197 in
649 2157 837 2207 codicem,
863 2171 884 2197 e
903 2170 985 2208 quo
1006 2157 1067 2198 Va
1087 2157 1143 2197 Vo
1161 2157 1374 2207 fluxerunt,
1399 2157 1509 2197 simi·

146 2216 241 2256 liter
271 2218 393 2268 atque
423 2229 564 2258 comm.
589 2230 650 2268 ep.
677 2218 703 2256 4
728 2218 835 2256 inter
862 2218 945 2257 195
971 2219 1013 2257 et
1038 2218 1124 2257 618
1157 2217 1241 2257 cod.
1267 2217 1511 2257 Basileensis

148 2276 180 2314 F
207 2275 307 2316 VIII
330 2277 358 2315 4
383 2271 452 2330 (cf.
471 2277 580 2316 infra
601 2276 675 2317 sub
693 2289 732 2317 n.
754 2274 861 2329 300)
887 2279 929 2316 et
953 2289 1012 2328 ep.
1035 2278 1131 2317 501.
1160 2277 1245 2316 647
1271 2277 1378 2317 inter
1401 2289 1461 2327 ep.
1484 2279 1507 2316 1

145 2338 189 2374 et
214 2336 300 2376 563
327 2335 411 2376 cod.
430 2336 561 2376 Vatic.
583 2337 668 2377 943
694 2331 764 2390 (cf.
783 2336 890 2375 infra
914 2335 988 2376 sub
1007 2350 1045 2375 n.
1066 2332 1184 2389 375).
1224 2335 1288 2375 Ad
1313 2336 1511 2376 Basiliam

147 2395 387 2448 Magnum,
416 2397 464 2435 ut
494 2395 683 2447 opinatur
711 2394 900 2435 Seeckius
927 2396 1026 2445 347,
1059 2408 1084 2435 a
1108 2394 1278 2436 Libanio
1304 2392 1401 2435 data
1425 2407 1511 2435 esse

145 2467 227 2494 non
244 2457 390 2507 potest.
427 2453 507 2502 Qui
524 2456 631 2495 enim
649 2467 737 2495 eam
756 2454 929 2506 scripsit,
953 2467 1034 2495 non
1052 2457 1140 2496 erat
1157 2457 1393 2507 praeceptor
1411 2455 1509 2504 eius,
