1872 2924
326 220 409 266 188
626 223 993 260 PROLEGOMENA
1023 225 1102 282 An
1115 225 1375 261 EPISTULAS

323 312 442 360 cedit,
474 324 553 361 quo
583 312 668 351 iure
691 312 743 351 iis
771 313 817 351 ut
839 312 950 352 fonte
974 313 1206 352 secundario
1230 315 1294 353 uti
1318 314 1439 354 licere
1464 315 1679 363 contendit,

323 384 387 410 me
412 383 493 410 non
516 372 749 422 intellegere
774 371 975 421 profiteor.
1009 371 1125 417 Quod
1144 372 1369 412 Alexander
1386 374 1577 424 Han-ant,
1603 373 1681 414 Les

324 430 452 469 ecoles
477 430 723 480 d'Antioche‚
742 429 909 470 Parisiis
933 432 1046 470 1898
1066 445 1104 481 p.
1127 433 1180 471 26
1208 434 1250 471 et
1269 433 1322 471 ²-ss
1344 432 1405 472 his
1426 433 1606 483 epistulis
1630 435 1680 472 ut

324 489 509 540 genuinis
535 502 630 528 usus
655 492 727 540 est,
751 491 838 529 iure
863 491 960 529 tulit
982 491 1329 541 reprehensionem
1353 492 1548 542 Leopoldi
1568 491 1678 531 Oohn

326 545 449 602 (Berl.
469 549 566 601 phil.
590 549 722 588 Woch.
751 550 863 588 1899
890 563 929 588 n.
949 547 1032 600 43).
1069 550 1148 588 Sed
1173 551 1294 589 etiam
1319 551 1424 601 quod
1451 551 1532 590 Leo
1558 551 1681 603 Hugi,

325 608 406 647 Der
435 607 698 647 Antiochikos
731 608 800 647 des
831 608 1038 657 Libnmios,
1077 604 1295 649 Solothurn
1329 612 1461 660 1919,
1495 611 1550 650 33
1581 623 1677 661 pau·

324 679 391 706 cas
417 679 552 706 earum
578 680 652 717 pro
671 667 921 707 versionibus
941 668 1203 719 epistularum
1225 671 1485 721 genuinarum
1506 670 1574 709 sed
1594 683 1682 720 per-

324 726 501 765 ditarum
525 726 664 765 haberi
688 739 804 777 posse
829 727 1043 779 contendit,
1068 727 1374 778 improbandum
1399 732 1469 769 est.

384 797 494 837 Haec
519 797 567 836 de
592 797 792 838 codicibus
818 799 994 849 corporis
1020 800 1060 838 et
1084 800 1322 851 eclogarum.

880 976 1046 1027 Caput
1079 977 1130 1016 II.

344 1065 425 1109 DE
455 1065 757 1110 EPISTULIS
789 1065 988 1110 EXTRA
1019 1066 1244 1111 CORPUS
1276 1067 1664 1120 ECLOGASQUE

855 1149 1153 1193 SERVATIS.

686 1244 716 1300 ξ
742 1241 800 1288 13.
833 1244 897 1288 De
922 1257 986 1302 ep.
1007 1242 1111 1288 1543
1137 1244 1181 1288 et
1206 1242 1326 1290 1544.

389 1333 515 1371 Extra
539 1343 686 1382 corpus
713 1332 947 1383 eclogasque
967 1345 1013 1370 ex
1031 1332 1107 1371 hoc
1125 1332 1325 1382 profectas
1345 1345 1365 1370 e
1384 1345 1490 1382 penu
1509 1335 1557 1372 ut
1574 1334 1678 1373 vide·

328 1395 396 1430 tur
426 1391 691 1441 epistularum
723 1403 857 1430 eorum
891 1392 960 1441 qui
985 1395 1221 1441 acceperunt
1245 1393 1509 1442 paucissimae
1534 1392 1586 1430 ad
1610 1405 1683 1431 nos

328 1452 596 1501 pervenerunt
619 1451 826 1500 epistulae.
867 1450 1058 1499 Duarum,
1091 1463 1192 1500 quae
1216 1451 1293 1489 huc
1316 1451 1520 1501 pertinent
1548 1453 1681 1499 (1543

330 1514 371 1549 et
398 1505 545 1563 154⁴),
570 1522 776 1548 commune
802 1511 873 1558 est,
899 1509 1005 1560 quod
1031 1511 1100 1559 qui
1126 1513 1362 1560 acceperunt
1386 1511 1604 1561 episcopi
1621 1511 1682 1549 fu-

331 1571 450 1608 erunt
473 1569 845 1619 Amphilochius
870 1569 1015 1617 Iconii,
1040 1567 1263 1617 Optimus
1288 1569 1520 1621 Agdamiae‚
1545 1573 1686 1620 postea

332 1628 568 1668 Antiochiae
595 1628 778 1667 Pisidiae.
816 1627 925 1673 Quae
950 1641 1012 1667 res
1038 1629 1211 1668 effecisse
1236 1628 1404 1677 videtur,
1436 1631 1482 1667 ut
1506 1629 1682 1668 testimo·

332 1689 487 1727 niorum
514 1688 642 1726 instar
666 1688 959 1726 aestimationis
983 1687 1065 1726 illis
1091 1700 1114 1725 a
1140 1687 1308 1727 Libanio
1332 1689 1589 1738 praeceptore
1613 1688 1683 1726 tri·

331 1747 452 1786 butae
471 1750 725 1785 servarentur
742 1754 783 1785 et
800 1746 1064 1786 traderentur.
1096 1747 1179 1785 Nec
1198 1759 1292 1786 vero
1312 1759 1382 1786 nos
1402 1747 1453 1785 ad
1473 1760 1538 1786 eas
1560 1759 1685 1797 aeque

333 1809 453 1856 atque
478 1808 639 1844 mutuas
659 1806 802 1845 Basilii
826 1808 867 1844 et
885 1806 1047 1845 Ioannis
1067 1805 1341 1856 chrysostomi
1359 1807 1400 1844 in
1419 1807 1684 1856 suspicionem

333 1865 531 1904 vocandas
562 1878 808 1904 commovere
839 1860 1010 1918 debet1).
1049 1864 1186 1915 Spirat
1211 1866 1316 1903 enim
1339 1864 1382 1903 in
1406 1866 1458 1905 iis
1483 1866 1682 1916 ingenium

333 1925 384 1963 ab
409 1924 492 1963 illis
517 1924 637 1974 plane
659 1924 857 1963 diversum
877 1937 950 1963 nec
969 1925 1184 1974 quicquam
1202 1925 1364 1972 habent,
1388 1924 1495 1974 quod
1514 1925 1578 1963 vel
1596 1937 1686 1963 cum

334 1983 495 2022 Libanii
521 1983 654 2022 indole
679 1984 851 2033 stiloque
876 1984 941 2022 vel
965 1996 1054 2022 cum
1080 1983 1199 2022 rebus
1224 1983 1309 2022 eius
1330 1984 1523 2033 temporis
1542 1983 1685 2022 discre-

334 2045 414 2093 pet.
441 2042 555 2081 Prior
573 2055 608 2082 a.
624 2044 723 2092 ³74,
741 2044 767 2082 i.
782 2056 813 2082 e.
833 2055 913 2081 non
931 2043 990 2082 ita
1008 2044 1135 2081 multo
1154 2045 1367 2093 postquam
1381 2043 1686 2093 Amphilochius

336 2102 467 2141 sedem
479 2102 721 2141 Iconiensem
742 2103 882 2141 nactus
896 2104 966 2152 est,
986 2102 1025 2140 id
1047 2102 1155 2152 quod
1173 2101 1246 2140 sub
1260 2102 1378 2140 finem
1390 2114 1425 2140 a.
1442 2103 1526 2141 373
1542 2101 1686 2150 evenit,

336 2162 488 2211 scripta
517 2163 587 2200 est.
631 2161 772 2199 Altera
801 2173 895 2200 vero
927 2163 965 2200 ei
995 2163 1128 2200 aetate
1159 2172 1307 2211 suppar
1336 2162 1390 2199 sit
1419 2173 1578 2200 necesse
1609 2163 1686 2211 est,

336 2220 526 2271 quoniam
545 2219 732 2269 Optimus
757 2219 893 2259 eodem
917 2221 999 2259 fere
1023 2222 1202 2270 tempore
1225 2220 1432 2270 episeopus
1451 2219 1687 2259 Antiochiae

399 2359 435 2403 1)
452 2356 730 2398 Dubitationes,
748 2367 843 2402 quas
862 2356 953 2393 olim
972 2368 1058 2393 ann.
1082 2357 1257 2393 Fleckeis.
1281 2360 1384 2401 1876,
1403 2360 1472 2392 504
1492 2356 1603 2400 movi,
1623 2356 1688 2391 sed

338 2405 413 2439 iam
440 2404 504 2439 diu
530 2405 646 2440 missa
669 2404 754 2448 feci,
780 2404 974 2440 Seeckium
995 2408 1040 2440 59
1066 2407 1104 2440 et
1122 2408 1192 2440 496
1218 2404 1420 2441 adduxisse
1439 2403 1623 2447 videntur,
1647 2405 1691 2439 ut

339 2462 404 2487 eas
427 2453 473 2487 ut
496 2454 689 2497 suspectas
714 2452 1042 2497 praetermitteret.
