1872 2924
312 237 399 279 232
615 235 984 272 PROLEGOMENA
1009 235 1079 271 AD
1102 235 1362 288 EPISTULAS

372 326 446 376 Ep.
461 319 528 374 22,
553 337 640 363 eum
666 324 798 364 desint
821 323 974 364 codices
992 324 1076 372 Rea
1085 325 1160 363 Vin
1171 325 1273 375 Bar,
1298 325 1442 363 nititur
1466 325 1667 365 codicibus

311 386 413 424 Mon
436 385 642 433 VPMosq
654 384 740 429 Pal,
761 383 905 434 quibus
925 383 1062 422 addidi
1079 383 1398 423 Havniensem
1423 385 1534 424 1985
1557 380 1666 438 (Ha)

312 446 354 483 et
378 444 759 482 Laurentianum
782 442 871 481 LIX
892 444 948 481 30
968 438 1156 495 (Laure),
1183 443 1251 493 qui
1272 442 1322 482 ad
1342 456 1585 483 communem
1605 458 1667 483 re-

312 504 435 542 deunt
458 504 622 541 fontem.

371 563 418 601 In
445 576 503 612 ep.
525 556 578 601 23
611 561 769 600 eosdem
804 561 903 601 duos
933 560 1085 601 codices
1110 562 1181 600 Ha
1205 563 1246 600 et
1269 561 1425 611 Lauro,
1450 574 1539 601 eum
1563 561 1665 600 Pan-

312 635 455 673 gaeum
490 621 599 659 adire
634 634 712 660 non
747 620 922 670 licuerit,
958 620 1120 659 adhibui
1155 620 1273 659 simul
1307 633 1396 659 eum
1431 621 1665 660 lectionibus

313 681 460 720 codicis
480 680 697 719 Harlaeani
723 675 881 733 (Harl),
907 693 927 718 e
953 692 1031 730 quo
1052 679 1270 719 Cotelerius
1296 680 1432 728 edidit,
1458 683 1499 719 et
1519 680 1666 720 codicis

312 740 652 789 Linoopiensis
679 739 959 778 Benzeliani
985 739 1021 777 A
1047 734 1207 791 (Benz),
1240 740 1309 788 qui
1333 740 1420 779 fons
1446 740 1527 778 fuit
1551 739 1666 778 editi-

313 800 399 839 onis
434 799 708 838 Benzelianae.
748 798 797 837 In
832 812 890 848 ep.
912 792 977 846 26,
1013 811 1102 836 cum
1136 798 1288 837 codices
1322 798 1472 838 vetusti
1507 798 1667 837 omnino

312 858 938 910 desint‚-Heidelbergensem
959 857 1236 896 Palatinum
1257 858 1341 896 356
1363 853 1426 910 (--
1446 853 1553 911 Pac),
1578 857 1668 896 Ba-

312 919 590 957 rocoianum
617 919 700 956 216
734 917 799 970 (ιξ
819 912 963 969 Baro),
993 916 1393 956 Aurelianensem
1421 918 1445 955 3
1473 913 1537 968 (=
1557 912 1667 970 Aur)

314 977 479 1016 adhibui
510 977 630 1017 simul
661 989 751 1015 eum
777 976 1015 1016 lectionibus
1041 976 1213 1016 Parisini
1239 976 1355 1027 Regii
1382 977 1509 1024 2281,
1541 989 1562 1014 e
1589 989 1667 1026 quo

315 1036 536 1076 Cotelerius
569 1036 704 1075 edidit.
743 1036 926 1086 Denique
957 1048 1018 1086 ep.
1039 1029 1097 1074 24
1121 1036 1162 1074 et
1185 1030 1239 1075 25
1272 1048 1293 1074 e
1320 1036 1402 1074 501
1432 1037 1472 1074 et
1499 1036 1581 1073 647
1608 1048 1667 1074 re-

312 1096 448 1147 petivi.

374 1216 460 1254 Iam
485 1217 532 1253 ut
556 1215 604 1253 de
631 1214 929 1253 editionibus
956 1215 1183 1252 mutuarum
1207 1225 1338 1263 pauca
1362 1225 1569 1264 exponam,
1593 1212 1669 1250 hae

313 1275 444 1314 lucem
469 1274 654 1312 viderunt
679 1274 852 1313 editione

375 1334 473 1372 416.
499 1333 677 1373 Aldina
710 1334 904 1383 inscripta
932 1328 1159 1371 Ἐπιστολαὶ
1193 1329 1399 1384 διαφόρων
1423 1329 1668 1382 φιλοσόφων.

315 1392 504 1446 ρητόρων.
542 1397 742 1443 σοφιστῶν
755 1392 798 1439 ‘55
819 1391 917 1444 πρὸς
935 1395 1017 1439 τοῖς
1036 1390 1169 1430 εἴκοσι.
1206 1390 1409 1439 Epi-stolae
1428 1390 1669 1429 diversorum

307 1453 639 1502 philosophorum.
671 1454 880 1491 oratorum.
913 1451 1126 1489 Rhetorum
1144 1461 1211 1489 sex
1231 1453 1266 1489 et
1282 1450 1431 1499 viginti,
1458 1461 1560 1499 qnae
1579 1461 1668 1499 pro-

316 1512 392 1550 diit
417 1511 598 1550 Venetiis
623 1524 690 1561 ap.
711 1510 859 1549 Aldum
883 1522 1017 1549 mense
1042 1509 1188 1548 Martio
1214 1521 1248 1548 a.
1270 1509 1368 1548 ΜΠ)
1393 1509 1471 1548 vol.
1490 1508 1531 1546 11
1555 1508 1623 1546 fol.
1643 1524 1668 1546 α

314 1572 462 1611 II—-8'
494 1568 717 1610 'ffltotolai
741 1568 958 1622 ἅμοιβοιῖαι.
994 1568 1202 1608 Βασιλείου
1226 1573 1296 1607 τοῦ
1322 1567 1491 1621 μεγάλου
1509 1565 1575 1606 καὶ
1594 1570 1668 1606 Λι-

315 1630 459 1683 βανίου
478 1635 548 1670 τοῦ
567 1635 758 1680 σοφιστοῦ
777 1625 843 1683 (=
858 1624 967 1683 Ald).
1000 1628 1103 1667 Sunt
1116 1641 1175 1678 ep.
1194 1629 1349 1675 1—22‚
1375 1627 1519 1677 quibus
1538 1638 1669 1665 succe-

316 1690 417 1728 dunt
433 1690 651 1729 nonnullae
671 1689 824 1740 Basilii,
846 1688 952 1727 inter
971 1699 1071 1738 quas
1089 1688 1220 1738 prima.
1239 1689 1301 1726 est.
1319 1685 1555 1741 Ἀνδρονίκῳ
1581 1682 1669 1737 ἡγε-

317 1748 425 1801 μόνι·
463 1748 499 1788 εἰ
523 1746 595 1800 μὲν
621 1747 746 1795 οὕτως
771 1743 888 1800 εἶχον.
926 1747 1064 1786 Fluxit
1088 1759 1119 1785 e.
1135 1746 1268 1786 codice
1291 1746 1470 1796 proxime
1496 1747 1620 1784 stanti
1646 1757 1671 1783 a

316 1809 538 1847 Bodleiano
552 1807 716 1847 Miscell.
733 1809 817 1846 242
838 1819 889 1846 se.
903 1806 1009 1845 XVI.
1047 1805 1227 1844 Adhibui
1245 1805 1450 1855 exemplar
1461 1803 1671 1843 bibliothe-

317 1881 385 1907 cae
410 1867 684 1906 universitatis
708 1866 1045 1906 Vratislaviensis.

377 1926 506 1972 Quam
530 1927 802 1977 repetiverunt
825 1926 939 1964 nulla.
962 1938 1005 1964 re
1029 1925 1187 1964 mutata
1212 1923 1335 1962 editio
1360 1922 1551 1973 inscripta

379 1988 477 2025 417.
506 1982 729 2024 Ἐπιστολαὶ
754 1980 981 2036 Ἑλληνικαὶ
1007 1980 1230 2035 Ἀμοιβαῖαι
1262 1995 1288 2022 a
1317 1982 1471 2032 Pyrrho
1500 1981 1671 2020 Caldo-

317 2058 428 2085 raeo
454 2045 684 2084 Aureliae
705 2044 1022 2095 Allobrogum
1042 2056 1077 2082 a..
1100 2043 1212 2081 1606
1234 2042 1341 2081 foras
1359 2040 1457 2080 data
1474 2042 1514 2080 et
1531 2041 1669 2091 paucis

318 2105 485 2144 mutatis
510 2104 703 2144 editiones
729 2117 891 2154 operum
918 2102 1079 2142 Basilii:
1103 2101 1327 2141 Basileon
1337 2100 1403 2139 sis
1427 2099 1558 2150 prima
1575 2099 1672 2138 Fro-

320 2165 490 2203 beniana
509 2163 605 2203 anni
620 2164 732 2202 1532
748 2176 836 2202 eum
849 2163 1097 2213 praefatione
1110 2160 1280 2209 Erasini,
1292 2159 1475 2198 Veneta.
1491 2171 1525 2198 a.
1543 2161 1563 2197 1
1573 2159 1670 2207 535,

319 2225 353 2262 Β
363 2223 545 2262 asileen
557 2224 622 2262 sis
640 2222 812 2262 secunda
831 2235 855 2260 a.
884 2222 994 2262 1551
1011 2234 1102 2260 eum
1113 2220 1362 2271 praefatione
1373 2218 1466 2258 Iani
1479 2217 1672 2267 (lornarii,

319 2282 546 2322 Parisina
569 2282 700 2332 prima
725 2294 761 2320 a.
785 2282 897 2321 1618
919 2282 1059 2320 curata
1076 2293 1101 2318 a
1123 2279 1318 2318 Frontone
1339 2278 1499 2317 Dueaeo
1518 2283 1558 2315 et
1579 2276 1669 2315 Fed.

320 2342 487 2381 Morello
516 2343 558 2380 et
582 2341 787 2392 recognita
810 2353 882 2391 per
906 2339 1162 2379 Godefridum
1187 2338 1439 2376 Tilmannum
1465 2349 1504 2387 p.
1525 2337 1670 2375 940-—

322 2402 407 2440 946
431 2414 491 2451 ep.
512 2395 721 2454 ρμζ-ρξγ’
739 2398 804 2452 (=
823 2394 936 2452 Par),
960 2399 1187 2438 Parisino.
1204 2396 1376 2436 secunda
1394 2409 1429 2436 a..
1453 2396 1578 2443 1638,
1605 2394 1672 2433 de·

320 2462 440 2510 nique
460 2459 642 2511 epistulis
660 2459 823 2499 maioris
837 2458 1010 2497 ambitus
1022 2457 1313 2508 praetermissis
1327 2454 1450 2495 editio
1461 2454 1672 2504 inscripta:
