1872 2924
333 223 419 266 190
633 221 1001 259 PROLEGOMENA
1028 221 1096 258 AD
1121 221 1381 258 EPISTULAS

331 308 398 365 (=
418 306 540 364 Bodl)
572 312 696 351 chart.
721 311 873 350 formae
898 310 988 350 folii
1012 323 1047 350 a.
1071 311 1183 350 1547
1207 312 1308 350 teste
1332 310 1591 362 inscriptione
1614 312 1684 351 fol.

334 372 419 411 138
441 367 588 426 (ἇφμζ)
608 373 806 419 exaratus,
832 371 902 420 qui
920 371 1012 420 post
1028 370 1172 410 Basilii
1189 369 1257 409 τλὸ
1276 370 1469 420 epistulas
1488 370 1556 410 fol.
1578 372 1660 410 137
1665 372 1683 390 V

332 433 374 470 et
401 432 485 470 138
512 430 668 469 easdem
694 431 775 469 tres
801 430 994 480 epistulas
1021 429 1179 468 exhibet
1198 429 1364 468 eundem
1384 430 1426 468 in
1444 429 1606 469 modum
1624 431 1684 469 iu-

331 490 504 540 scriptas
529 491 649 540 atque
673 489 715 527 in
735 489 951 538 Marciano,
977 489 1044 528 sed
1069 501 1115 528 ac
1141 488 1175 527 si
1197 490 1328 528 essent
1346 489 1488 528 Basilii
1505 501 1685 528 numera·

331 553 399 588 tae
423 543 627 596 τλε--τλζ’.
661 548 796 587 Etiam
823 549 928 598 quod
955 547 1179 601 Γρηγορίου
1211 546 1353 599 Νύσης
1383 546 1471 600 περὶ
1501 553 1580 587 τῶν
1609 546 1684 587 ἀπ-

333 608 476 649 ιόντων
496 607 551 655 εἰς
570 606 617 647 τὰ
631 602 881 659 Ἱεροσόλυμα
900 602 988 661 (fol.
1009 602 1134 660 138')
1152 609 1193 647 et
1208 602 1450 647 Ἀθανασίου
1469 605 1684 648 ἐπισκόπου

333 667 622 720 Ἀλεξανδρείας
646 665 745 720 πρὸς
766 662 957 718 Ἰωάννην
981 665 1047 706 καὶ
1067 666 1262 718 Ἀντίοχον
1286 663 1573 720 πρεσβυτέρους
1597 661 1683 720 (fol.

335 724 460 779 140')
486 730 527 765 et
551 725 734 778 Gregorii
758 725 856 765 Naz.
882 726 1078 777 epistulae
1109 725 1339 774 succedunt,
1370 738 1457 765 cum
1483 726 1686 765 Marciano

331 787 441 826 facit.
470 786 517 824 In
536 779 773 825 lectionibus
793 785 952 824 illarum
972 787 1095 825 trium
1110 785 1370 836 epistularum
1384 785 1584 835 plerisque
1596 797 1687 824 cum

333 858 381 885 eo
407 847 604 896 congruit,
627 846 670 883 in
695 845 834 895 paucis
859 844 1044 895 deterior,
1067 845 1109 883 in
1134 858 1216 884 una
1239 840 1471 898 (ἐπυθόμην
1492 857 1565 895 pro
1583 841 1685 883 ἕπει-

331 904 470 956 θόμην
495 916 556 955 ep.
578 899 713 958 1214)
737 904 918 955 superior
942 906 1014 954 est,
1038 906 1085 943 ut
1110 917 1155 943 ex
1179 903 1383 943 Marciano
1407 904 1495 954 ipso
1519 903 1583 943 vel
1608 904 1685 943 sal·

330 967 411 1003 tem
445 964 495 1003 ab
527 964 664 1003 eodem
695 964 876 1014 exemplo
907 963 1128 1014 descriptus
1160 962 1348 1002 dicendus
1378 963 1441 1002 sit.
1483 962 1594 1002 Idem
1626 964 1688 1002 est

334 1026 458 1074 atque
489 1022 897 1062 Pembrochianus
928 1023 1242 1075 Rostgaardi‚
1272 1023 1344 1073 qui
1374 1022 1604 1074 apographo
1636 1022 1687 1061 ab

334 1078 540 1136 Oleari01)
566 1083 672 1122 facto
696 1094 791 1122 usus
816 1085 887 1132 est,
912 1082 1135 1133 Wolfiique.
1174 1081 1346 1121 Contuli.

391 1142 456 1181 Ad
481 1154 688 1181 commune
713 1141 880 1181 redeunt
905 1142 1128 1192 exemplum
1152 1141 1232 1180 duo
1257 1141 1409 1181 codices
1434 1153 1485 1180 sc.
1504 1140 1596 1179 XV:

259 1211 328 1242 612
394 1202 493 1241 273.
517 1201 878 1241 Laurentianus
901 1201 1037 1240 LVIII
1063 1202 1117 1240 16
1144 1195 1208 1254 (=
1229 1196 1423 1252 Laurent)
1457 1200 1580 1239 chart.
1604 1200 1684 1239 for-

330 1274 419 1299 mae
434 1265 563 1311 quart.
576 1274 605 1300 s.
615 1260 703 1310 XV,
717 1260 785 1311 qui
799 1262 976 1300 continet
991 1261 1231 1311 epistulas
1251 1259 1549 1299 diversorum
1565 1260 1686 1309 atqne

329 1321 438 1359 inter
466 1320 539 1360 has
570 1322 665 1371 post
691 1319 916 1360 Phalaridis
941 1320 1138 1371 Brutique
1169 1318 1254 1369 (fol.
1278 1316 1436 1369 1—45)
1460 1319 1528 1358 fol.
1550 1320 1685 1358 452-

333 1381 409 1419 51*
441 1380 634 1431 epistulas
667 1381 720 1419 24
753 1379 859 1418 inter
888 1379 1085 1419 Basilium
1117 1380 1158 1418 et
1187 1378 1399 1417 Libanium
1429 1379 1588 1417 mutuas
1616 1373 1686 1431 (cf.

331 1439 438 1478 infra
469 1439 541 1479 sub
574 1453 611 1479 n.
632 1434 751 1493 400).
788 1439 873 1478 Has
905 1439 1108 1489 excipiunt
1137 1438 1205 1477 fol.
1226 1438 1450 1477 51V—103
1482 1450 1541 1488 ep.
1571 1438 1683 1476 1543

330 1499 528 1549 inscripta
564 1497 742 1551 λιβάνιος
777 1496 981 1550 ἀμφιλόχω
1019 1496 1232 1549 ἐπισκόπω,
1270 1510 1330 1547 ep.
1359 1497 1473 1537 1544
1507 1495 1687 1548 λιβάνιος

331 1555 462 1610 ὀπίμω
476 1553 572 1612 (sic)
586 1556 784 1598 ἐπισκόπου
796 1555 1007 1610 γενομένω,
1021 1570 1083 1607 ep.
1096 1558 1209 1596 1214
1227 1554 1484 1609 ἀριστοφάνει
1496 1555 1686 1608 λιβάνιος,

333 1617 516 1668 aliaeque
541 1618 751 1668 utriusque
777 1616 960 1669 Gregorii
971 1612 1018 1670 ²),
1042 1616 1203 1666 Iuliani,
1226 1616 1473 1656 Philostrati.
1501 1616 1575 1654 Est
1593 1615 1684 1654 Me·

330 1677 498 1716 diceus
522 1677 555 1715 F
583 1676 730 1716 Wolfii.
767 1676 927 1727 Inspexi
951 1679 1074 1727 atque
1100 1689 1120 1714 e
1145 1678 1260 1726 parte
1286 1675 1454 1723 contuli3

391 1739 433 1776 et
446 1735 854 1775 274 Burneianus
868 1749 925 1787 gr.
936 1737 988 1775 75
1002 1730 1203 1787 (=Burn)
1214 1730 1354 1787 (supra
1363 1747 1402 1784 p.
1413 1735 1495 1773 106
1510 1728 1686 1786 n.70)⁸),

332 1797 404 1846 qui
434 1797 614 1835 continet
641 1798 734 1847 post
758 1795 876 1834 Bruti
906 1797 947 1834 et
970 1794 1134 1834 Maximi
1158 1794 1350 1834 Planudis
1375 1793 1565 1844 epistulas
1597 1788 1685 1846 (fol.

334 1851 589 1908 161—168)
614 1855 706 1894 inde
733 1867 757 1894 a
782 1855 849 1893 fol.
872 1855 957 1894 170
981 1876 1036 1882 -
1057 1853 1257 1893 antecedit
1274 1852 1391 1900 πίναξ
1411 1850 1481 1892 fol.
1503 1852 1608 1891 169*
1628 1873 1683 1878 —

331 1915 529 1964 epistulas
548 1914 694 1953 Basilii
718 1917 760 1953 et
777 1913 940 1953 Libanii
963 1915 1123 1952 mutuas
1141 1914 1272 1964 pictas
1291 1911 1487 1952 coloribus
1505 1910 1626 1950 rubro
1644 1914 1686 1949 et

331 1974 514 2013 caeruleo
538 1975 751 2024 inscriptas
773 1973 1098 2013 ΕΠΙΣΤΟΛΑΙ
1118 1972 1433 2012 ΑΜΟΙΒΑΙΑΙ
1455 1971 1564 2011 TOY
1578 1970 1684 2009 ME-

331 2034 527 2072 ΓΑΛΟΥ
552 2033 870 2072 ΒΑΣΙΛΕΙΟΤ
890 2034 995 2072 ΚΑΙ
1019 2032 1128 2072 TOY
1148 2032 1432 2071 AIBARIOY.
1470 2028 1577 2069 Ordo
1602 2030 1685 2079 epi-

332 2092 529 2132 stularum
560 2092 666 2131 idem
699 2094 761 2131 est
788 2094 909 2142 atque
932 2093 975 2131 in
999 2090 1270 2131 Laurentiano
1296 2091 1459 2140 excepto
1486 2089 1591 2140 quod
1615 2101 1686 2139 per

332 2163 502 2190 errorem
534 2172 593 2178 —
624 2164 717 2190 nam
748 2151 791 2190 in
821 2151 951 2190 indice
983 2151 1095 2190 deest
1128 2171 1179 2178 —-
1209 2149 1283 2189 sub
1313 2145 1379 2202 κγ’
1411 2148 1516 2188 redit
1545 2161 1684 2188 comm.

331 2225 392 2262 ep.
414 2211 482 2260 10,
514 2223 615 2260 quae
646 2212 725 2249 iam
758 2211 801 2249 in
826 2210 897 2250 illo
922 2210 996 2249 sub
1022 2205 1059 2257 ζ’
1085 2210 1374 2260 comparuerat,
1406 2207 1580 2258 itemque
1604 2219 1684 2246 non

393 2313 428 2356 1)
448 2311 568 2357 Supra
593 2324 629 2357 p.
647 2316 714 2347 152
738 2324 774 2347 n.
795 2315 874 2347 159.

391 2360 428 2404 2)
447 2358 688 2405 Przychocki‚
699 2359 753 2394 De
761 2359 861 2405 Greg
878 2358 967 2395 Naz.
977 2370 1032 2404 ep.
1043 2358 1267 2395 codd.Laur.
1276 2357 1403 2403 (Wien
1421 2356 1595 2401 studea)
1603 2358 1685 2392 254.

392 2408 429 2488 δί
449 2406 693 2451 Przychocki‚
723 2406 779 2442 De
810 2405 919 2452 Greg.
944 2406 1034 2442 Naz.
1060 2405 1169 2451 epist.
1196 2405 1303 2441 codd.
1329 2403 1556 2441 Britannicis
1586 2403 1683 2448 (Act.

430 2478 440 2489 .
461 2453 609 2490 cracov.
629 2464 699 2490 ser.
718 2454 768 2489 111
792 2455 883 2490 tom.
901 2453 936 2489 V
956 2455 1062 2499 1913)
1087 2457 1167 2489 231.
