1872 2924
349 219 370 261 ς
392 218 447 252 16.
486 213 550 251 Du:
574 212 716 252 com).
736 213 809 251 ΕΡ.
832 214 945 251 1481
972 211 1335 250 Emmssmmus
1434 210 1525 254 209

222 304 325 345 Item
348 304 427 345 hue
451 303 684 345 referendus
709 305 772 343 est
795 302 919 344 codex

224 371 322 411 303.
340 369 611 410 Vaticanus
630 382 689 422 gr.
710 370 795 409 869
821 368 947 408 chart.
973 368 1088 408 form.
1113 368 1212 408 sext.
1238 367 1321 407 dec.
1347 378 1399 407 sc.
1425 365 1596 417 XV,024

159 431 233 483 qui
263 431 357 481 post
388 428 573 481 Gregorii
604 429 701 470 Νη.
729 428 923 480 epistulas
956 427 1138 468 continet
1170 426 1239 468 fol.
1267 426 1523 467 law—178

160 489 356 542 epistulas
382 488 561 529 Basilii
584 489 799 539 inscriptas
825 486 1024 528 ἐπιστολαὶ
1042 492 1114 528 τοῦ
1132 485 1303 541 μεγάλου
1322 485 1525 539 βασιλείου

158 548 259 599 πρὸς
286 548 358 590 τὸν
387 548 562 602 βασίλεια
619 543 715 602 (sic)
748 550 870 599 etque
900 548 1031 587 inter
1064 547 1137 588 hus
1167 546 1261 587 inde
1292 559 1317 586 s.
1348 546 1416 586 fol.
1441 546 1523 586 138

158 621 299 649 comm.
320 621 381 660 ep.
405 610 441 649 1.
469 609 507 649 2.
533 609 662 649 4-6.
698 607 885 648 Succedit
909 607 1096 647 similiter
1120 609 1243 658 atque
1267 607 1309 646 in
1334 606 1522 646 Laurent.

160 668 252 709 LIX
284 669 342 709 30
371 671 413 709 et
444 667 569 710 Paris.
597 669 710 708 2991
742 668 775 707 Α
807 662 934 721 (infra
965 666 1039 708 sub
1071 680 1108 707 n.
1136 667 1222 706 365
1250 667 1292 705 et
1318 662 1424 720 332)
1452 665 1523 705 fol.

164 729 269 768 146'
294 727 479 782 Gregorii
502 728 598 768 Νη.
619 740 679 779 ep.
702 728 798 768 236.
831 727 1003 778 Inspexi.

219 794 352 835 Unum
382 794 553 846 denique
583 794 799 845 epistulam
827 795 929 834 teste
960 793 1147 845 catalogo
1171 791 1387 831 Vlsdimiri
1417 793 1526 832 inter

158 854 387 894 Basilisnss
409 855 590 894 continet
612 853 734 894 codex

222 921 319 961 304.
339 920 644 971 Mosquensis
665 920 750 960 258
776 919 928 959 formae
953 921 1087 970 quart.
1107 930 1159 958 sc.
1178 917 1295 958 XVII
1315 917 1383 957 fol.
1406 917 1512 957 132*
1526 926 1595 959 ⁶25

158 979 234 1019 sub
257 974 328 1032 pv'
351 979 588 1031 inscriptam
614 978 811 1032 Λιβᾶνιος
835 978 1020 1034 βασιλείῳ
1046 973 1112 1034 (==
1131 990 1272 1018 comm.
1292 990 1353 1028 ep.
1374 971 1433 1031 9).

218 1044 309 1085 Non
334 1046 522 1096 insertae,
546 1044 617 1085 sed
640 1043 883 1096 praemissae
907 1045 1004 1084 sunt
1028 1043 1179 1093 ordine,
1205 1055 1283 1094 quo
1309 1044 1352 1082 in
1375 1041 1524 1082 Vindo-

156 1104 324 1145 bonensi
348 1117 475 1156 seque
500 1106 624 1156 stque
648 1103 758 1155 apud
783 1103 994 1144 maranum
1017 1102 1282 1154 Wolfiumque
1307 1114 1350 1143 se
1376 1102 1523 1153 excipi-

158 1166 244 1216 unt,
269 1176 331 1215 ep.
353 1165 495 1204 1—21
530 1164 693 1216 eelogae
724 1163 992 1215 epistularum
1016 1162 1173 1213 Basilii,
1203 1174 1325 1214 quam
1357 1161 1525 1213 praebet

158 1223 285 1264 codex

221 1289 319 1331 305.
339 1286 686 1329 Ambrosianus
706 1289 739 1328 Ε
762 1290 816 1329 32
843 1301 946 1340 sup.‚
970 1288 1068 1328 olim
1092 1288 1126 1328 Τ
1148 1289 1203 1328 28
1230 1282 1358 1342 (279)
1383 1287 1499 1328 chart
1524 1295 1594 1328 626

157 1361 210 1389 sc.
229 1348 327 1389 XVI
350 1349 420 1389 fol.
442 1350 704 1390 100—111‘.
734 1347 793 1389 Cf.
815 1349 935 1389 catal.
955 1347 1137 1388 Mertinii
1154 1349 1196 1388 et
1215 1347 1348 1387 Bsssii
1365 1360 1405 1399 p.
1422 1347 1521 1387 310.

221 1443 298 1484 Sed
317 1445 440 1484 efism
460 1445 546 1484 eius
565 1444 746 1484 codicum
764 1445 934 1496 generis,
959 1442 1066 1495 quod
1086 1443 1366 1495 corpusculum
1384 1443 1522 1494 primi·

156 1504 321 1557 genium
332 1506 384 1544 21
402 1503 586 1554 epistulis
600 1503 927 1555 comprehensum
941 1502 1322 1543 Libsuiansrnm
1335 1502 1525 1554 epistu-

160 1564 315 1603 larum
346 1564 545 1617 eclogae
577 1563 944 1616 agglutinatum
975 1562 1154 1613 exhibet,
1186 1563 1372 1613 quemvis
1401 1562 1522 1613 psuoi

157 1625 375 1675 supersunt
398 1626 533 1663 testes.
567 1623 654 1671 Quo
679 1622 722 1662 in
747 1636 914 1664 numero
938 1622 1144 1662 habendus
1169 1623 1231 1662 est

220 1683 318 1723 306.
350 1683 605 1723 Parisinus
635 1696 695 1736 gr.
724 1684 839 1724 1760
870 1695 923 1722 sc.
949 1682 1035 1732 XV,
1066 1682 1135 1722 fol.
1164 1682 1420 1721 263—267*
1452 1682 1523 1733 qui

156 1742 318 1783 exhibet
341 1755 481 1784 comm.
506 1755 568 1794 ep.
591 1743 717 1782 1-6.
750 1743 908 1783 8-21.
943 1742 1004 1782 cf.
1031 1754 1155 1793 suprs
1179 1754 1219 1793 p.
1244 1742 1327 1781 147
1362 1754 1401 1780 n.
1424 1742 1522 1781 144.

158 1802 330 1854 Inspexi.

219 1868 310 1909 Huc
332 1867 564 1908 referendus
588 1867 749 1907 videtur
772 1868 895 1908 etium
921 1866 1054 1919 codex,
1081 1867 1152 1918 qui
1179 1868 1336 1918 partem
1361 1867 1521 1906 tantum

157 1928 332 1979 priorem
362 1927 590 1979 corpusculi
622 1927 785 1980 eclogae
815 1927 1081 1979 epistularum
1106 1925 1420 1967 Libanisnsrum
1452 1939 1520 1966 sn·

159 1999 302 2027 nexam
325 1987 486 2028 exhibet

221 2053 319 2092 307.
344 2051 693 2093 Ambrosianus
719 2051 751 2091 L
777 2053 835 2091 44
866 2063 954 2103 sup.
974 2046 1147 2106 (482)¹)
1178 2063 1231 2091 sc.
1250 2047 1452 2104 XIVJXV‚
1478 2051 1523 2091 in

157 2124 239 2163 quo
266 2113 292 2152 8
318 2111 504 2163 epistulis
529 2110 764 2152 Libsnisnis
788 2111 1008 2152 succedunt
1032 2111 1100 2152 fol.
1128 2111 1326 2151 35—36'
1351 2123 1412 2162 ep.
1436 2114 1521 2150 1—

162 2172 230 2220 10,
261 2184 430 2223 querum
460 2172 593 2223 prims.
622 2171 816 2222 inscripta
847 2174 909 2212 est
937 2177 1010 2211 τοῦ
1040 2168 1158 2224 ἁγίου
1188 2170 1390 2223 βασιλείου
1420 2169 1523 2224 πρὸς

157 2230 350 2283 λιβάνιον.

218 2295 392 2336 Easdem
416 2309 477 2348 ep.
500 2297 646 2337 1—10
670 2295 831 2336 exhibet
855 2295 977 2336 codex

220 2362 319 2402 308.
337 2361 665 2402 Bsroccisnus
682 2363 762 2402 131
779 2360 909 2402 bomb.
926 2362 1078 2403 formae
1097 2362 1228 2412 quart.
1240 2361 1332 2401 mai.
1346 2373 1399 2401 sc.
1414 2360 1508 2400 XIV
1521 2369 1590 2402 ⁶2¹1

220 2466 255 2510 1)
280 2464 403 2511 Supra
427 2475 463 2511 p.
488 2467 553 2501 144
578 2475 615 2499 n.
632 2466 711 2500 185.
