1872 2924
363 237 422 280 84
666 235 1034 272 PROLEGOMENA
1061 235 1126 271 AD
1153 235 1412 272 EPISTULAS

360 325 471 366 foliis
491 326 689 373 constans,
709 324 804 363 olim
825 323 1105 362 Sebastiani
1125 324 1715 376 Tengnagelii,*inscriptam

360 383 543 436 λιβανίου
569 388 760 433 σοφιστοῦ
787 382 995 422 ἐπιστολαί.
1030 383 1240 433 Epistulae
1266 380 1431 431 a-‹xe'gd'
1458 385 1551 423 sunt
1575 384 1713 425 collec-

361 443 483 483 tionis
507 443 808 493 Lacapenianae
829 438 900 496 (cf.
919 443 1026 481 infra
1051 442 1125 481 sub
1151 456 1188 481 n.
1206 439 1321 492 115).
1346 442 1455 488 Quae
1474 447 1566 482 v'ero
1586 455 1716 484 succe·

357 503 461 542 dunt
471 516 530 553 ep.
545 498 625 550 σξε’
637 497 702 554 (==
714 515 851 541 comm.
862 515 920 551 ep.
932 496 1235 554 11)-υιζ’(Ξ
1251 503 1355 554 990)
1369 504 1411 541 et
1422 499 1582 555 vm'(==
1597 498 1714 555 918),

359 576 382 600 c
407 561 520 601 libris
546 559 599 610 δ’,
624 558 671 610 ε’,
697 557 749 610 ς’,
775 558 812 608 ζ’
836 561 984 600 codicis
1010 561 1066 600 Vo
1091 560 1229 599 ordine
1255 562 1336 600 fere
1362 574 1439 600 non
1465 561 1627 601 turbato
1652 575 1715 601 ex-

358 622 520 672 cerptae
546 622 648 659 sunt.
686 621 734 659 Id
759 619 851 659 inde
876 619 1086 669 evincitur,
1118 620 1224 670 quod
1248 620 1438 660 lectiones
1463 621 1585 661 falsas
1610 621 1717 660 codi-

359 681 418 720 cis
445 680 500 720 Vo
533 679 716 730 proprias
751 679 926 729 praebet,
959 680 1006 718 ut
1038 679 1205 730 βασῐνον
1240 688 1317 730 pro·
1346 681 1516 730 σαβῖνον
1547 693 1606 730 ep.
1628 680 1712 719 339

360 734 417 792 (X
437 741 535 789 319,
558 735 645 791 20),
675 736 866 788 ἀφεστάσι
897 751 956 788 ep.
978 739 1060 778 341
1091 734 1214 791 (323,
1235 734 1323 792 10),
1356 736 1449 778 οὐδὲ
1474 744 1629 778 πῶποτε
1653 752 1714 790 ep.

359 800 445 838 346
466 793 587 851 (326,
603 794 690 850 10),
709 796 775 837 διὰ
795 811 854 848 ep.
870 798 953 838 595
977 792 1096 850 (555,
1113 794 1186 850 14)
1206 796 1301 837 ὅταν
1314 811 1373 849 ep.
1388 799 1472 838 692
1493 793 1713 851 (625,12),

357 855 386 897 ἃ
404 870 465 909 ep.
489 859 571 913 702
592 852 712 911 (637,
734 853 792 910 2),
811 858 853 896 in
872 856 1130 907 inscriptione
1149 869 1210 908 ep.
1233 858 1319 897 560
1339 857 1617 908 compendium
1635 858 1716 907 syl-

359 917 476 957 labae
494 918 660 956 ultimae
678 930 821 966 pamm
840 916 1019 966 percepit
1037 917 1178 967 itaque
1190 917 1469 967 praetermisit.
1503 915 1581 955 Sed
1593 918 1715 956 etiam

359 989 496 1015 omnes
521 989 621 1027 quas
645 976 711 1015 hic
735 975 858 1015 codex
884 990 908 1015 a
932 975 1114 1014 manibus
1143 976 1181 1025 3,
1208 977 1246 1025 4,
1279 976 1303 1014 5
1331 976 1631 1016 correctricibus
1655 989 1716 1015 re-

358 1036 468 1087 cepit
491 1037 752 1075 correctiones
778 1035 821 1074 in
845 1037 960 1074 textu
984 1034 1143 1074 exhibet
1190 1035 1251 1073 De
1277 1038 1495 1075 correctore
1514 1035 1632 1074 huius
1652 1047 1716 1074 co·

360 1095 459 1134 dicis
485 1096 591 1134 infra
616 1095 797 1145 pluribus
823 1097 974 1146 agetur.
1015 1094 1263 1133 Examinavi.

421 1155 455 1194 Ε
486 1154 600 1194 libris
632 1150 743 1200 δ-ζ’
770 1154 916 1193 codicis
944 1153 1131 1192 Vossiani
1157 1156 1341 1204 excerpta
1374 1155 1434 1192 est
1459 1166 1550 1204 pars
1573 1155 1718 1205 quarta

360 1214 540 1266 syllogae
565 1213 839 1264 epistularum,
864 1225 984 1264 quam
1010 1214 1187 1252 continet
1211 1213 1331 1252 codex
1358 1213 1715 1252 Laurentianus

362 1273 476 1312 LVII
503 1275 570 1322 19,
595 1272 663 1312 sed
688 1272 735 1310 de
761 1273 836 1311 hoc
860 1273 966 1311 infra
991 1272 1063 1312 sub
1089 1285 1129 1310 n.
1150 1273 1204 1310 82
1231 1272 1413 1322 pluribus
1439 1274 1590 1323 agetur.

421 1333 454 1371 E
480 1332 594 1371 libris
629 1329 664 1378 ζ’
690 1334 731 1371 et
756 1329 797 1370 δ’
828 1331 973 1371 codicis
1013 1332 1068 1370 Vo
1104 1334 1288 1382 excerpta
1321 1334 1381 1370 est
1421 1331 1559 1383 ecloga
1593 1333 1715 1382 prior,

361 1404 484 1443 quam
496 1392 661 1442 praebet
674 1391 794 1430 codex
808 1392 933 1430 chart.
948 1391 1129 1441 pluribus
1141 1390 1325 1429 manibus
1338 1402 1438 1430 saec.
1447 1390 1518 1429 XV
1530 1392 1714 1430 exaratus

425 1452 494 1491 34.
519 1451 860 1490 Varsaviensis
892 1445 1274 1502 Zamoscianusl)
1301 1445 1365 1502 (=
1385 1445 1452 1502 Z1)
1484 1451 1551 1489 fol.
1574 1450 1718 1489 125—-

366 1511 449 1550 138
475 1510 709 1560 inscriptam
732 1509 933 1561 Λιβανίου
953 1512 1159 1559 Σοφιστοῦ
1181 1505 1407 1548 Ἐπιστολαί
1428 1510 1552 1559 atque
1576 1508 1648 1557 ita,
1674 1511 1721 1547 ut

362 1570 561 1620 epistulae
589 1569 684 1608 libri
710 1565 745 1616 ζ’
772 1570 902 1619 priore
935 1570 1022 1608 loco
1055 1568 1191 1607 ordine
1217 1569 1372 1607 inverso
1399 1569 1719 1618 excerperentur:

366 1630 494 1668 1108.
523 1630 649 1667 1107.
678 1630 802 1667 1047.
834 1629 959 1667 1048.
988 1629 1114 1667 1050.
1142 1629 1268 1667 1051.
1296 1628 1420 1667 1052.
1444 1629 1568 1667 1059.
1591 1627 1718 1666 1060.

368 1690 494 1728 1061.
530 1689 655 1727 1063.
684 1689 810 1727 1075.
839 1689 965 1726 1080.
994 1688 1119 1726 1083.
1149 1687 1277 1726 1087.
1304 1689 1430 1735 1110,
1461 1688 1720 1736 sequerentur

363 1747 561 1797 epistulae
595 1747 690 1786 libri
725 1743 784 1786 6':
821 1748 917 1785 267.
954 1748 1051 1785 278.
1088 1747 1185 1785 281.
1222 1747 1318 1785 287.
1355 1746 1452 1784 288.
1488 1747 1586 1785 298.
1621 1746 1719 1784 300.

364 1807 439 1857 Ep.
467 1807 583 1846 1050
610 1804 686 1853 (XI
713 1807 812 1856 174,
835 1802 910 1859 15)
945 1806 994 1857 Z]
1020 1806 1141 1844 verba
1171 1803 1237 1844 καὶ
1267 1810 1559 1857 παρενεγκοῦσα
1587 1804 1629 1843 in
1661 1805 1717 1842 la-

363 1878 467 1904 cuna
497 1868 549 1905 21
587 1866 815 1904 litterarum
847 1878 871 1904 a
908 1859 981 1904 Vo³
1009 1865 1196 1915 suppleta
1230 1864 1341 1903 nullo
1372 1865 1538 1903 lacunae
1572 1862 1719 1902 indicio

363 1926 516 1974 omisit,
535 1925 632 1963 item
652 1937 712 1974 ep.
737 1925 847 1964 1051
876 1919 953 1974 (XI
979 1925 1078 1971 175,
1100 1925 1154 1962 13
1181 1918 1260 1976 sq.)
1285 1921 1571 1974 τεθραμμένοςς
1597 1924 1640 1961 at
1659 1935 1718 1972 ep.

369 1986 481 2024 1087
508 1984 708 2032 lacunam,
733 1997 834 2034 quae
859 1983 901 2022 in
928 1983 965 2021 V
987 1984 1029 2021 et
1055 1983 1110 2022 Vo
1135 1985 1227 2033 post
1250 1980 1436 2034 γενέσθαι
1456 1977 1533 2034 (ΧΙ
1554 1982 1650 2029 203,
1673 1976 1718 2034 1)

363 2044 487 2093 extat,
514 2043 646 2093 explet
669 2043 802 2082 verbis
828 2047 948 2081 ταῦτα
974 2040 1000 2080 ἃ
1025 2047 1102 2081 νῦν
1126 2040 1299 2092 ἀκούσῃ,
1330 2041 1398 2080 sed
1429 2041 1526 2080 haec
1556 2053 1634 2079 non
1654 2053 1720 2091 ge—

366 2103 502 2151 nuina,
527 2103 597 2141 sed
621 2101 966 2141 autoschediasma
992 2113 1076 2140 esse
1101 2102 1146 2140 in
1171 2102 1310 2150 aperto
1335 2102 1406 2139 est.
1440 2099 1611 2139 Contuli.

427 2161 505 2200 Sed
529 2162 707 2213 eclogam
733 2162 852 2199 huius
879 2160 1026 2200 codicis
1051 2173 1193 2211 parum
1218 2161 1417 2210 integram
1440 2171 1523 2198 esse
1545 2158 1721 2197 ostendit

365 2221 488 2260 codex

294 2289 364 2319 489
428 2281 496 2319 35.
530 2279 889 2318 Escurialensis
924 2278 1175 2317 R--III-25
1212 2272 1287 2331 (55
1323 2279 1366 2316 in
1401 2278 1518 2316 catal.
1554 2271 1719 2329 Milleri)

367 2339 492 2378 chart.
517 2339 668 2377 formae
694 2340 824 2389 quart.
850 2350 885 2376 a.
908 2338 1022 2376 1597
1049 2337 1282 2387 descriptus,
1307 2337 1349 2374 in
1370 2350 1447 2386 quo
1467 2336 1534 2375 fol.
1557 2335 1718 2374 59—74

431 2419 464 2460 1)
489 2416 543 2452 cf.
569 2418 596 2451 t.
616 2415 667 2451 VI
698 2420 766 2451 343
797 2428 832 2451 n.
853 2419 934 2451 244.
971 2415 1066 2450 Mus.
1093 2415 1210 2449 Rhen.
1236 2414 1316 2449 Lm
1347 2417 1414 2448 547
1447 2424 1501 2456 sq.
1544 2411 1721 2456 Reliquas

369 2463 479 2499 huius
504 2462 644 2499 codicis
670 2462 834 2508 synogas
860 2462 958 2498 infra
982 2462 1052 2497 sub
1078 2474 1112 2497 n.
1134 2465 1180 2496 60
1205 2460 1415 2497 recensebo.
