1872 2924
328 236 349 277 ς
370 235 426 268 15.
463 227 694 267 Dnconn.
722 226 793 263 ΕΡ.
816 222 932 263 1—‘25
958 222 1318 261 nmnmmus
1417 221 1505 264 225

145 322 310 370 ineunt„
328 320 558 362 collectioni
577 316 946 368 Lacapenianae
970 315 1012 355 et
1029 314 1255 366 fragmento
1275 311 1506 352 intermisso

144 382 214 423 fol.
230 384 252 422 1
268 380 504 422 w—152'
522 377 732 419 succedere
750 375 871 416 iussit
881 376 1043 414 mutuas
1060 373 1216 413 1—16.
1232 372 1300 412 23.
1319 373 1370 412 17
1387 393 1418 399 -
1437 371 1506 410 21.

144 441 314 493 Inspexi.
353 438 412 480 cf.
431 451 555 491 supra
578 451 618 489 p.
633 437 715 477 135
742 448 780 476 n.
804 436 901 475 112.

207 502 305 542 372.
338 498 765 540 Laurentianus
793 493 908 534 LVII
942 494 996 534 19
1032 505 1084 533 sc.
1110 492 1184 532 XV
1218 490 1385 544 praebet
1417 484 1506 544 (fol.

147 553 403 611 230—234)
429 557 688 609 inscriptione
713 554 848 607 privas
884 555 936 594 16
964 555 1126 593 mutuas
1159 553 1196 591 7.
1225 551 1413 592 15—19.
1439 551 1508 590 21.

145 622 215 661 22.
248 619 376 660 3-6.
408 619 447 659 8.
474 619 513 658 9.
546 618 614 658 23.
644 617 710 656 10.
748 615 796 654 In
827 614 967 666 ecloga
999 614 1133 652 autem
1167 610 1419 651 antecedenti
1451 611 1505 649 37

147 680 415 732 epistularum
439 677 591 718 medias
616 678 724 716 inter
747 674 925 725 reliquas
949 672 1118 724 reperiri
1142 684 1281 711 comm.
1305 683 1365 722 ep.
1381 671 1450 719 20,
1471 671 1510 718 2,

146 753 208 788 ep.
230 740 314 779 647
340 750 463 790 supra
488 751 525 790 p.
549 737 628 776 115
655 750 693 776 n.
715 736 770 775 82
797 732 975 785 exposui.
1012 731 1185 783 Inspexi.

211 799 270 838 Ex
294 798 371 838 boc
394 797 616 848 descriptus
641 797 703 836 est
727 793 850 834 codex

210 859 309 899 373.
322 857 682 897 Laurentianus
695 854 767 894 LV
784 849 854 906 2²)
868 865 920 893 sc.
940 851 1015 892 XV
1028 851 1096 891 fol.
1113 850 1362 900 210-316,
1376 862 1425 888 ex
1436 848 1510 887 hoc

210 918 307 958 374.
335 917 634 957 Bodleianus
658 914 1000 955 Dorvillianus
1031 911 1069 951 X
1103 914 1140 951 1.
1167 912 1206 962 4,
1233 904 1304 964 4¹)
1337 908 1511 958 descrip-

147 979 214 1017 tus
245 979 309 1018 est
338 977 389 1017 ab
414 976 627 1016 Antonio
653 973 808 1014 Maria
833 972 1055 1021 Salvin0‚
1081 971 1152 1022 qui
1174 969 1283 1010 idem
1307 970 1351 1008 in
1376 967 1511 1009 codice

211 1038 310 1078 875.
341 1035 695 1076 Marucelliano
726 1032 1067 1073 Bibliothecae
1093 1028 1379 1069 Nationalis
1402 1027 1512 1067 Flo-

149 1096 371 1136 rentinae
396 1096 434 1135 A
460 1095 534 1136 011
561 1090 629 1143 1³)
662 1093 858 1145 epistulas
889 1091 1037 1132 codicis
1069 1089 1341 1130 antecedentis
1365 1089 1407 1127 iu
1433 1099 1514 1127 ser-

148 1169 307 1196 monem
335 1156 526 1196 Latinum
550 1155 686 1195 vertit.

211 1275 421 1315 Proximae
449 1275 623 1325 fuerunt,
654 1273 731 1312 etsi
755 1271 939 1312 nonnihil
963 1271 1157 1321 temporis
1181 1267 1421 1317 intercessit,
1452 1281 1513 1318 ep.

153 1336 236 1374 501
265 1337 307 1375 et
332 1335 416 1374 647
444 1332 511 1387 (=
530 1346 670 1374 comm.
690 1345 750 1383 ep.
771 1326 830 1372 24
850 1333 892 1371 et
910 1325 999 1385 25).
1036 1330 1137 1370 Cum
1161 1328 1268 1369 enim
1293 1341 1382 1368 cum
1407 1326 1515 1367 codi-

149 1394 265 1434 cibus
295 1394 456 1447 eclogae
485 1393 789 1444 Lacapenianae
820 1392 1057 1431 coniunctae
1087 1389 1181 1438 siut,
1212 1402 1237 1428 a
1260 1388 1513 1438 Lacapeno

152 1454 258 1504 ipso
292 1454 386 1493 huic
418 1453 667 1494 subiectae
703 1463 787 1491 esse
821 1449 1041 1491 censendae
1075 1450 1181 1489 sunt.
1218 1448 1326 1487 Nam
1356 1447 1431 1487 hoc
1462 1446 1513 1485 ab

152 1516 314 1553 auctore
345 1513 519 1565 eclogae,
549 1525 570 1551 e
595 1525 677 1563 qua
705 1512 936 1562 Lacapenus
961 1510 1109 1559 hausit,
1139 1509 1290 1548 factum
1315 1519 1400 1547 esse
1423 1506 1514 1545 ideo

155 1573 288 1612 minus
313 1573 520 1624 probabile
546 1575 620 1622 est,
644 1570 753 1623 quod
777 1583 802 1610 a
826 1569 1029 1610 codicibus
1054 1568 1174 1608 huius
1198 1567 1338 1608 classis
1356 1566 1514 1606 absunt.

152 1631 260 1678 Quin
284 1633 407 1672 etiam
432 1633 474 1672 in

216 1693 312 1731 376.
339 1692 564 1732 Parisino
589 1703 647 1743 gr.
669 1691 785 1730 3022
811 1701 863 1729 sc.
884 1688 959 1727 XV
979 1683 1047 1742 (cf.
1064 1700 1188 1739 supra
1211 1701 1250 1738 p.
1274 1687 1356 1726 126
1378 1699 1417 1725 n.
1438 1680 1515 1739 97)

152 1764 291 1791 earum
315 1751 403 1792 loco
429 1752 497 1791 fol.
519 1752 572 1790 91
601 1749 803 1790 subiectae
828 1750 922 1788 sunt
945 1760 1086 1789 comm.
1106 1760 1168 1798 ep.
1189 1748 1216 1786 4
1241 1746 1437 1796 inscripta
1461 1747 1514 1784 λι-

151 1810 298 1863 βανίου
323 1816 517 1863 σοφιστοῦ
542 1808 643 1862 πρὸς
667 1807 736 1849 τὸν
761 1806 885 1862 μέγαν
909 1806 1122 1860 βασίλειον,
1148 1808 1186 1847 5.
1214 1806 1253 1845 6.
1279 1806 1317 1844 8.

214 1871 355 1922 Neque
381 1871 488 1910 ullus
512 1869 646 1919 codex,
672 1870 744 1919 qui
768 1881 828 1919 ep.
851 1869 932 1908 501
957 1869 998 1907 et
1018 1868 1102 1906 647
1128 1867 1172 1906 in
1197 1865 1433 1916 corpusculo
1452 1877 1517 1903 ex-

152 1930 276 1982 hibet,
302 1933 435 1971 aetate
453 1930 668 1981 Lacapeno
686 1928 870 1979 superior
888 1930 959 1968 est.
995 1925 1125 1966 Simul
1144 1927 1281 1965 autem
1300 1923 1438 1964 ambas
1456 1925 1517 1962 in-

153 1991 282 2029 sertas
306 2002 392 2030 esse
416 2002 507 2029 cum
530 2002 603 2040 per
626 2001 668 2028 se
692 1987 900 2039 probabile
925 1988 998 2036 est,
1023 1987 1216 2037 quoniam
1240 1996 1380 2023 revera
1404 1995 1429 2022 a
1454 1983 1517 2022 Li-

155 2048 275 2088 bauio
301 2049 452 2089 Basilio
483 2049 644 2090 cuidam
668 2049 842 2098 scriptae
867 2048 964 2086 sunt
988 2046 1060 2097 qui
1082 2057 1156 2096 pro
1181 2044 1328 2096 Magno
1353 2043 1517 2082 habitus

155 2111 228 2157 est,
253 2111 341 2148 tum
365 2108 546 2149 codicum
569 2108 763 2147 memoria
788 2105 981 2146 firmatur.
1020 2104 1151 2144 Simul
1169 2103 1274 2143 enim
1294 2102 1337 2142 in
1355 2102 1417 2142 his
1436 2102 1518 2153 pri-

156 2180 266 2207 mum
286 2171 528 2220 comparent.
567 2166 659 2207 Scio
677 2178 773 2206 sane
792 2177 876 2205 esse
896 2164 1064 2215 codices,
1083 2164 1154 2215 qui
1172 2163 1409 2202 alterutram
1427 2164 1516 2201 tan·

155 2228 243 2265 tum
261 2227 491 2278 praebeant,
510 2226 579 2267 sed
598 2226 642 2266 hi
659 2227 755 2266 sunt
771 2225 1011 2264 recentiores
1025 2225 1079 2273 et,
1098 2235 1180 2275 qua
1192 2222 1240 2262 de
1254 2234 1375 2262 causa
1388 2223 1518 2262 altera

155 2288 441 2336 praetermissa
460 2287 527 2337 sit,
550 2287 677 2337 patet.
711 2283 790 2324 Sed
808 2285 1043 2335 priusquam
1064 2282 1112 2322 de
1130 2283 1194 2322 bis
1213 2283 1370 2335 agatur,
1397 2283 1517 2321 testes

155 2345 325 2385 duarum
357 2346 622 2397 epistularum
652 2357 747 2384 una
777 2356 879 2383 cum
910 2356 1069 2383 comm.
1095 2355 1161 2393 ep.
1185 2343 1238 2381 12
1266 2341 1338 2381 sub
1364 2341 1518 2380 ultimis

220 2426 252 2470 ι)
278 2424 401 2471 Supra
426 2436 460 2471 p.
484 2428 551 2460 116
577 2435 613 2460 n.
633 2425 692 2459 88.
838 2425 874 2467 2)
900 2420 1023 2467 Supra
1046 2432 1082 2467 p.
1105 2423 1173 2456 116
1198 2431 1235 2456 n.
1256 2423 1313 2455 84.

219 2474 256 2517 3)
280 2473 404 2519 Supra
427 2483 464 2518 p.
486 2475 554 2507 117
580 2483 617 2508 n.
636 2473 694 2507 8⁶.
