1872 2924
319 224 408 265 244
620 219 987 256 PROLEGOMENA
1014 219 1081 254 AD
1106 218 1365 254 EPISTULAS

319 312 362 350 Si
388 313 459 362 qui
484 311 635 351 codices
661 309 847 348 cancellis
874 308 1048 359 obliquis
1072 307 1218 346 inclusi
1242 309 1349 357 sunt,
1373 308 1415 359 id
1434 307 1584 347 indicat
1602 320 1667 349 eos

316 384 396 410 non
421 373 466 410 ut
489 369 729 410 recensionis
752 367 1060 407 fundamentum
1078 368 1315 416 constanter,
1341 367 1409 406 sed
1427 367 1668 417 exceptionis

317 431 380 468 vel
399 429 626 480 speciminis
644 429 731 468 loco
752 439 835 467 esse
854 427 1064 466 adhibitos.
1087 426 1302 476 Nonnulla,
1324 439 1424 476 quae
1444 426 1494 465 ad
1513 427 1668 465 intelle—

318 489 487 540 gendum
506 488 728 528 necessaria
746 487 810 527 vel
829 486 949 525 utilia
968 487 1109 533 essent,
1129 485 1276 525 addidi.
1305 485 1511 536 Adscripsi
1525 482 1666 524 deinde

317 561 500 587 numeros
533 560 743 597 annorum,
775 546 917 596 quibus
949 545 1143 596 epistulae
1173 544 1406 583 tribuendae
1437 546 1540 593 sunt,
1571 558 1667 585 usus

317 607 428 647 libris
450 606 495 646 G.
514 607 560 646 R.
581 605 779 656 Sieversii,
805 606 888 644 Das
907 604 1040 644 Leben
1065 605 1101 643 d.
1120 603 1330 653 Libanius,
1355 604 1486 643 Berol.
1509 604 1621 643 1868
1643 617 1668 643 a

315 665 400 707 filio
424 679 568 717 parum
593 668 779 705 accurate
803 664 922 714 edito,
949 663 992 704 Ο.
1016 664 1181 713 Seeckii,
1206 663 1280 702 Die
1303 664 1435 702 Briefe
1461 663 1528 702 des
1549 663 1667 702 Liba-

317 727 405 764 nius
430 726 589 765 zeitlich
613 725 816 777 geordnet,
847 724 954 774 Lips.
978 724 1104 773 1906,
1135 723 1190 762 Io.
1212 723 1436 772 Silomonis,
1465 723 1524 761 De
1554 722 1667 761 Liba-

315 786 371 823 nii
392 786 654 836 epistularum
671 784 785 823 libris
804 783 954 834 I—VI,
973 782 1152 834 Gotting.
1175 783 1301 821 1909.
1336 782 1394 820 De
1420 781 1596 831 personis
1616 782 1667 821 ad

316 858 415 894 quas
429 845 623 895 epistulae
637 844 754 882 datae
769 845 872 894 suut,
884 843 1119 893 plerumque
1134 841 1372 881 Sieversium
1385 841 1448 880 vel
1460 841 1666 880 Seeckium

316 905 542 954 provocavi,
561 904 630 942 ubi
648 916 742 943 vero
755 902 1022 942 necessarium
1034 901 1256 950 videbatur,
1274 901 1380 940 locos
1394 913 1482 939 cum
1497 901 1666 939 aliorum

315 965 565 1014 scriptorum,
584 963 694 1002 velut
706 958 914 1002 Ammiani
925 961 1159 1009 Marcellini,
1171 961 1331 1008 Iuliani,
1345 958 1564 1009 Themistii‚
1577 960 1666 998 tum

315 1022 477 1062 Libanii
495 1023 620 1073 ipsius
641 1022 842 1061 adnotavi.
880 1021 988 1060 Idem
1009 1021 1092 1059 fere
1110 1020 1219 1059 valet
1237 1019 1285 1059 de
1303 1019 1419 1058 rebus
1437 1019 1502 1058 vel
1521 1018 1665 1057 diserte

315 1083 632 1121 commemoratis
663 1082 727 1121 vel
762 1083 866 1120 tecte
898 1080 1143 1131 significatis.
1182 1078 1267 1124 Quo
1297 1079 1339 1116 in
1371 1091 1512 1130 genere
1543 1077 1664 1116 etiam

314 1143 507 1182 maximus
533 1144 594 1180 est
618 1154 803 1181 numerus
827 1141 1016 1188 locorum,
1041 1139 1184 1190 quibus
1208 1150 1287 1177 non
1306 1150 1368 1176 res
1388 1150 1482 1177 suae
1509 1138 1665 1185 aetatis,

315 1201 383 1239 sed
407 1201 598 1251 temporis
622 1200 831 1251 praeteriti
857 1213 881 1239 a
906 1199 1166 1250 scriptoribus
1192 1199 1367 1238 classicis
1388 1209 1666 1237 commemora-

315 1262 377 1298 tas
398 1262 580 1310 respexit.
610 1259 720 1298 Inter
739 1271 837 1309 quos
855 1261 948 1309 post
967 1258 1183 1297 Homerum
1202 1258 1377 1296 eminent
1396 1255 1605 1306 Euripides
1626 1258 1665 1294 et

313 1319 611 1369 Aristophanes,
631 1318 892 1370 Thucydides,
907 1319 1115 1367 Isocrates,
1134 1318 1204 1367 qui
1223 1317 1349 1355 fertur
1368 1317 1505 1354 auctor
1523 1315 1665 1354 Demo-

314 1379 467 1427 niceae,
497 1379 800 1428 Demosthenes,
830 1378 899 1417 sed
929 1390 1064 1417 omnes
1094 1377 1166 1416 hos
1197 1377 1360 1426 superat
1391 1375 1522 1423 Plato,
1551 1376 1664 1413 cuius

314 1438 564 1489 dialogorum
595 1439 701 1478 locos
726 1438 853 1476 multo
878 1436 1052 1477 crebrius
1077 1436 1306 1475 recordatus
1332 1436 1392 1474 est
1415 1447 1535 1484 quam
1561 1445 1665 1472 com-

314 1499 562 1547 memoravit,
587 1500 633 1536 ut
651 1497 937 1549 Richtsteigius
963 1495 1110 1545 docuit,
1136 1495 1186 1533 ad
1211 1496 1323 1535 cuius
1346 1493 1664 1534 dissertationem

316 1557 525 1608 (Libanius
545 1570 624 1607 qua
643 1557 798 1596 ratione
812 1556 994 1595 Platonis
1014 1555 1198 1605 operibus
1210 1566 1305 1594 usus
1319 1553 1382 1602 sit,
1401 1553 1513 1591 Vrat.
1530 1547 1663 1602 1918)

315 1628 431 1665 saepe
455 1617 681 1666 provocavi.

377 1675 453 1713 Sed
470 1677 536 1715 vel
554 1675 610 1715 sic
629 1676 707 1715 loci
726 1676 883 1725 aliquot
900 1674 1072 1714 tenebris
1092 1672 1319 1712 circumfusi
1337 1673 1440 1712 sunt.
1474 1670 1539 1709 Ad
1563 1681 1664 1720 quas

315 1735 562 1785 repellendas
593 1735 778 1774 scholia
810 1748 890 1774 non
919 1734 978 1773 ita.
1002 1733 1175 1772 multum
1203 1733 1419 1772 conferunt.
1461 1729 1662 1768 Scholiola

316 1795 476 1843 quidem
493 1795 537 1833 in
552 1794 822 1845 compluribus
836 1793 1039 1834 codicibus
1053 1792 1103 1832 ad
1115 1804 1188 1831 nos
1200 1791 1475 1842 pervenerunt,
1495 1801 1664 1839 quorum

315 1853 506 1903 pleraque
525 1854 597 1892 sub
616 1855 728 1892 textu
746 1853 965 1903 publicavi3
989 1852 1142 1891 scholia
1166 1864 1259 1891 vero
1283 1850 1505 1900 copiosiora
1526 1848 1663 1898 paucis

316 1912 516 1952 codicibus
541 1914 696 1964 insunt,
720 1914 826 1952 inter
850 1924 949 1962 quos
975 1912 1216 1963 singularem
1240 1910 1362 1949 habet
1385 1909 1517 1948 locum
1542 1907 1662 1946 Bero-

315 1971 490 2011 linensis.
528 1972 604 2011 Sed
628 1973 726 2011 haec
750 1973 919 2011 recentis
944 1973 1039 2012 sunt
1062 1971 1240 2023 originis,
1268 1971 1314 2009 ut
1336 1968 1401 2008 vel
1426 1967 1574 2006 Suidae
1606 1966 1662 2004 le·

315 2032 430 2070 xicon
454 2031 590 2071 crebro
615 2031 854 2082 exscriptum
879 2030 1137 2079 demonstrat,
1163 2041 1209 2069 ac
1233 2042 1282 2068 ne
1301 2028 1352 2067 ab
1371 2025 1662 2067 autoschedias-

315 2091 435 2128 matis
454 2091 612 2140 quidem
632 2090 857 2130 abhorrent.
882 2090 1025 2141 Itaque
1042 2090 1141 2129 haec
1159 2101 1239 2128 non
1258 2088 1392 2127 omnia
1404 2085 1575 2134 exhibui,
1592 2083 1663 2124 sed

315 2150 507 2188 nonnulla
536 2151 582 2188 ut
613 2150 828 2199 specimina
858 2162 1066 2200 exegeseos
1097 2147 1342 2198 Byzantinae
1373 2145 1538 2196 elegisse
1563 2144 1663 2182 satis

315 2207 447 2247 habui.

369 2268 480 2306 Nihil
510 2270 637 2308 restat
666 2268 743 2307 nisi
773 2271 820 2308 ut
844 2270 980 2318 optem
1004 2267 1179 2307 laborem
1203 2278 1336 2305 meum
1361 2277 1385 2303 a
1409 2264 1506 2304 viris
1536 2263 1663 2301 doctis

315 2325 408 2365 boni
435 2328 588 2367 consuli
612 2330 653 2366 et
677 2327 831 2378 aliquid
856 2327 1034 2367 conferre
1057 2328 1107 2365 ut
1130 2325 1309 2365 studium
1331 2325 1557 2363 litterarum
1578 2333 1662 2360 sae-

315 2386 394 2423 culi
419 2400 456 2435 p.
477 2385 565 2427 Chr.
584 2400 621 2425 n.
642 2387 778 2437 quarti
801 2387 1026 2426 revirescat.

362 2444 786 2485 DabamVratislaviae
795 2445 859 2485 die
867 2445 945 2484 XII
953 2445 1100 2485 mensis
1111 2443 1352 2495 Septembris
1361 2441 1456 2480 anni
1463 2438 1661 2480 MCMXX.
