1872 2924
398 238 420 279 ς
441 237 496 271 ιο.
534 232 600 270 ns
623 232 773 271 nurus
797 221 1043 272 anmoins
1066 233 1285 272 ninom:
1436 236 1530 281 243

160 322 360 376 epistulae
383 322 435 363 ad
460 335 533 363 nos
557 322 814 374 pervenerint
837 323 1044 377 cognitum
1069 326 1141 375 est,
1166 324 1409 367 recensionis
1433 326 1525 366 fun·

159 382 350 423 damenta
366 382 446 423 iaci
463 382 640 434 ordoque
659 395 795 423 earum
815 383 897 435 qui,
916 386 963 423 ιιι
980 382 1272 435 quadamtenus
1291 383 1529 435 siem-ains,

160 441 290 483 multo
313 442 471 494 plenius
495 441 683 483 Seeckius
708 443 909 496 cognovit,
933 443 1239 496 chronologicus
1258 447 1339 496 est,
1362 446 1526 485 resfitui

159 502 307 554 potuit.
342 501 430 542 Iam
454 501 553 542 haec
577 513 641 541 res
659 501 787 542 ardua
804 503 992 554 tantique
1010 503 1230 544 moliminis
1249 508 1349 554 erat,
1378 507 1427 545 ut
1447 506 1526 545 viri

160 560 319 611 summi,
337 561 476 613 quales
493 561 632 612 Tycho
651 562 870 602 Mommsen
902 565 943 602 et
960 562 1168 616 Augustus
1187 563 1331 604 Nauck
1349 564 1528 614 fuerunt,

161 620 297 672 palam
316 620 590 661 dubitationes
608 621 829 672 exprimere
846 623 1064 673 potuerint,
1077 635 1175 662 num
1194 623 1295 663 mihi
1313 624 1386 664 uni
1404 627 1527 676 atque

161 680 249 720 solo
278 692 328 720 ea
356 692 586 721 successura
609 681 672 721 sit.
711 679 790 721 Sed
821 682 944 722 etiam
967 694 1111 722 manus
1136 682 1383 723 emendatrix
1415 684 1530 725 adhi-

160 738 294 779 benda
311 741 409 781 erat.
435 740 541 781 Nam
560 740 746 792 quamvis
770 741 879 781 inter
896 741 1064 794 codices,
1090 741 1159 793 qui
1178 754 1204 782 a
1221 743 1528 796 quadringentis

161 811 287 851 prope
311 798 472 849 absunt,
495 799 679 840 nonnulli
703 801 787 841 sint
815 802 967 841 vetusti
998 804 1120 853 atque
1151 801 1245 843 boni
1276 805 1318 842 et
1342 804 1526 854 quamvis

161 869 307 898 manus
329 858 613 911 interpolatrix
637 859 681 900 in
705 860 890 912 epistulis
913 861 1044 902 multo
1067 862 1200 902 minus
1226 874 1349 913 quam
1373 862 1414 902 in
1435 863 1532 903 aliis

161 917 324 969 scriptis
353 920 537 972 grassata
568 920 639 970 sit,
672 920 808 960 tamen
844 922 978 961 textus
1015 920 1130 961 libris
1165 922 1451 974 manuscriptis
1487 926 1529 963 et

161 978 405 1019 testimoniis
429 978 605 1019 traditus
624 979 787 1020 minime
812 980 1051 1032 corruptelis
1068 980 1172 1021 liber
1195 984 1257 1022 est
1292 981 1378 1022 Has
1401 985 1451 1022 ut
1467 995 1527 1023 re-

160 1049 361 1078 moverem
385 1050 460 1090 pro
478 1041 594 1090 psrte
613 1038 723 1079 virili
747 1051 911 1091 operam
929 1039 1033 1090 dedi,
1058 1040 1157 1092 quin
1181 1043 1305 1081 etiam
1325 1041 1530 1082 cardinem

163 1109 309 1148 operae
332 1109 445 1138 meae
467 1099 511 1137 in
536 1098 812 1139 emendatione
836 1100 944 1139 verti
966 1098 1167 1151 profiteor.
1206 1100 1260 1140 Et
1284 1113 1528 1153 quamquam

163 1168 328 1196 manum
351 1156 513 1197 Libanii
542 1157 624 1197 iam
655 1158 839 1199 omnibus
870 1158 969 1199 locis
1001 1172 1092 1200 cum
1122 1172 1212 1200 mea
1240 1162 1328 1200 tum
1357 1161 1529 1201 aliorum

164 1227 241 1267 ope
263 1217 493 1257 restitutam
515 1217 721 1269 nodosque
738 1218 1086 1271 interpretationis
1111 1231 1248 1260 omnes
1266 1220 1419 1262 solutos
1444 1233 1533 1262 esse

167 1274 368 1316 affirmare
386 1276 492 1326 nolo,
510 1279 646 1317 tumen
664 1290 872 1318 numerum
891 1278 1070 1320 locorum
1094 1279 1396 1331 desperatorum
1420 1280 1531 1320 haud

165 1334 227 1375 ita
242 1347 436 1388 magnum
454 1347 540 1376 esse
564 1337 810 1377 crediderim.

225 1392 304 1434 Sed
335 1397 457 1436 etiam
487 1397 528 1435 in
560 1396 799 1448 recipiendis
830 1397 1015 1449 epistulis
1039 1398 1154 1438 crisis
1179 1397 1407 1440 adhibenda
1430 1402 1526 1440 erat.

166 1453 376 1505 Epistulas
400 1466 504 1507 quae
526 1467 552 1495 a
572 1455 771 1497 Wolfiana
792 1455 966 1497 editione
985 1456 1133 1497 absunt
1151 1457 1295 1498 addere
1314 1472 1393 1500 non
1412 1460 1529 1511 potui

164 1512 245 1553 nisi
274 1526 438 1565 paucas,
469 1527 572 1566 quas
601 1517 644 1556 in
675 1516 891 1556 collatione
921 1529 1175 1557 numerorum
1207 1518 1396 1560 editionis
1419 1518 1533 1559 illius

165 1584 358 1624 meaeque
370 1572 448 1627 (XI
460 1575 547 1615 598
560 1570 668 1629 sqq.)
680 1575 831 1627 reperis
838 1571 886 1629 ¹).
918 1576 1048 1616 Multo
1060 1576 1197 1628 plures
1209 1578 1366 1628 seclusi,
1378 1578 1529 1630 quippe

166 1644 271 1683 quae
302 1634 401 1673 certi
425 1633 531 1675 alius
556 1634 733 1676 auctoris
757 1635 851 1676 sint.
889 1634 1040 1676 Contra
1063 1636 1137 1676 sub
1161 1636 1281 1678 finem
1305 1638 1423 1679 huius
1447 1637 1533 1678 edi·

165 1691 290 1732 tionis
319 1692 413 1733 inde
443 1692 495 1733 ab
526 1706 586 1745 ep.
614 1695 730 1735 1⁶45
762 1694 948 1735 cancellis
980 1695 1102 1736 rectis
1132 1695 1309 1737 inclusas
1338 1697 1431 1738 dedi
1462 1710 1529 1738 eas

167 1763 274 1803 quae
299 1752 459 1803 quidem
486 1754 583 1804 quin
609 1766 635 1794 a
657 1753 828 1795 Libanio
852 1754 1142 1796 abiudicandae
1165 1756 1247 1796 sint
1270 1768 1352 1798 non
1375 1756 1533 1808 dubito,

166 1813 234 1852 cui
262 1823 359 1852 vero
389 1812 626 1853 tribuendae
656 1815 751 1864 sint„
781 1813 910 1854 adhue
940 1827 1004 1854 me
1036 1815 1189 1856 nescire
1212 1816 1353 1858 fateor.
1393 1816 1454 1858 De
1478 1818 1533 1858 iis

167 1882 295 1922 acque
332 1873 454 1923 atque
485 1871 534 1912 de
564 1873 800 1924 corpusculo
831 1874 1094 1925 epistularum
1124 1876 1232 1915 inter
1260 1875 1458 1917 Basilium
1489 1879 1532 1917 et

167 1929 379 1970 Libanium
405 1934 638 1972 mutuarum
662 1944 785 1985 supra
808 1931 835 1984 θ
859 1934 925 1973 14.
954 1934 1008 1974 15
1034 1934 1110 1986 egi.

226 1989 275 2029 In
306 1990 537 2031 universum
570 1991 729 2043 quidem
760 1992 959 2034 rationem
989 1992 1033 2033 in
1056 1994 1385 2035 antecedentibus
1408 1995 1531 2035 tomis

169 2048 392 2090 adhibitam
416 2052 588 2100 servavi,
611 2064 741 2103 pauca
764 2053 923 2093 novavi.
961 2051 1159 2100 Quoniam
1183 2053 1339 2094 codices
1363 2066 1445 2094 non
1468 2066 1532 2095 so-

168 2106 258 2148 lum
282 2108 486 2162 eclogas-ii,
516 2110 586 2151 sed
610 2111 731 2151 etiam
758 2111 983 2164 corporales
1008 2115 1175 2164 excepto
1196 2113 1233 2153 V
1253 2125 1394 2166 parum
1419 2114 1532 2165 pleni

169 2168 283 2218 suut,
312 2169 484 2221 singulis
515 2170 698 2222 epistulis
728 2171 832 2224 sigla
861 2171 1054 2221 codicum,
1084 2172 1232 2224 quibus
1262 2174 1531 2225 continentur,

171 2226 365 2279 adam-ipsi
390 2230 431 2269 et
454 2231 696 2281 appsratum
721 2231 919 2279 criticum,
943 2232 991 2270 ut
1015 2231 1148 2271 aditus
1174 2231 1226 2271 ad
1250 2232 1430 2285 singulas
1448 2234 1532 2284 epi-

169 2286 300 2327 stulas
323 2287 455 2328 facilis
478 2288 562 2338 fiat,
586 2290 647 2329 ita
670 2289 830 2330 institui
853 2292 902 2330 ut
924 2291 1058 2342 quivis
1084 2292 1224 2331 statim
1245 2304 1293 2332 eo
1312 2293 1374 2332 uti
1391 2292 1531 2344 possit.

233 2360 270 2404 1)
293 2356 403 2402 Quod
428 2359 639 2408 Zac-gaius
665 2360 817 2398 Collect.
843 2361 1009 2399 nonum.
1030 2364 1101 2399 vet.
1120 2362 1222 2400 Eccl.
1241 2362 1372 2400 Graec.
1390 2367 1431 2400 et
1450 2364 1531 2401 Lat.

171 2408 275 2451 p.4⁹
306 2416 422 2452 supra
451 2407 611 2444 duarum
642 2408 848 2446 chiliadum
879 2420 1077 2447 numerum
1107 2410 1355 2466 epistularum
1380 2410 1534 2448 Libanii

171 2416 366 2490 codicibus
384 2453 582 2492 Vaticanis
606 2459 792 2493 servatum
817 2467 899 2494 esee
917 2457 1033 2502 dixit.
1052 2468 1145 2501 exau
1240 2458 1345 2496 tione
1363 2459 1532 2497 eontine-

171 2500 238 2537 tur
259 2500 335 2538 nisi
358 2501 457 2539 forte
481 2502 661 2550 epistulas
685 2503 824 2541 latinas
848 2504 1076 2542 Zambicarii
1099 2505 1137 2542 in
1178 2516 1266 2542 usas
1289 2517 1371 2544 esse
1400 2506 1532 2544 voluit.
