1872 2924
343 184 401 226 20
437 184 618 220 LIBANII
641 183 724 227 QUI
749 183 1014 221 FERUNTUR
1038 185 1386 223 CHARACTEBES
1413 187 1674 224 EPISTOLICI

342 273 453 312 Inter
477 275 689 323 utramque
714 275 868 323 partem
894 274 963 312 fol.
987 275 1063 313 75v
1088 275 1226 314 inserti
1250 277 1344 314 sunt
1365 276 1559 327 vDemetrii
1578 272 1690 316 ’Em-

342 330 512 371 στολικοὶ
535 331 652 371 τύποι
676 345 755 371 non
775 332 936 383 quidem
955 333 1076 382 pleni,
1101 334 1169 372 sed
1187 335 1269 372 iam
1287 327 1508 374 desinentes
1528 335 1690 375 vocibus

342 388 395 437 ὡς
408 389 508 443 πρὸς
520 391 640 441 φίλον
651 391 902 443 γραφόμενος
914 386 973 445 (p.
982 393 1021 441 3,
1030 393 1054 430 5
1067 389 1248 442 Weich.).
1263 392 1404 443 Codex,
1419 407 1496 444 quo
1507 394 1550 432 in
1558 407 1686 434 reeen-

341 451 449 489 sione
474 450 696 490 Libaniana
720 463 816 489 usus
842 453 912 499 est,
943 452 1049 490 inter
1082 451 1117 489 V
1138 454 1178 490 et
1210 453 1250 492 U
1269 453 1392 502 stetit,
1424 466 1502 503 quo
1526 455 1569 492 in
1593 453 1689 494 Pro·

340 509 482 558 cliana,
513 522 603 548 cum
631 509 775 558 codice,
807 523 828 548 e
853 522 931 560 quo
955 511 995 549 P
1015 512 1055 549 et
1080 511 1127 549 H
1147 511 1355 561 fluxerunt,
1381 514 1573 563 cognatus
1598 513 1691 562 fuit,

340 569 407 607 sed
425 569 468 607 in
487 568 625 607 multis
639 571 680 607 et
692 569 943 620 neglegentia
956 571 996 607 et
1009 570 1184 609 novandi
1196 571 1332 609 studio
1347 574 1485 611 auctor
1497 573 1688 622 peccavit.

341 626 495 667 Codicis
513 629 752 667 mentionem
771 628 868 667 fecit
883 640 908 666 a
921 628 1094 668 Rudolfo
1110 628 1306 669 Schoellio
1321 630 1482 670 edoctus
1494 630 1690 670 Hinckius

341 700 377 736 p.
394 687 478 726 546
499 689 580 726 not.
598 688 664 735 19,
690 700 806 737 quem
826 689 984 726 secutus
1005 690 1065 726 est
1078 689 1325 728 Weichertus
1345 702 1382 739 p.
1394 690 1491 729 L1V.
1516 690 1605 740 Ipse
1627 691 1690 728 in-

340 758 461 796 spen.

398 805 459 844 Ex
484 805 557 844 hoc
582 805 803 856 descriptus
829 807 889 845 est
913 805 1034 846 codex

267 884 336 915 458
400 877 467 914 50.
488 876 766 916 Bremensis
797 877 1126 917 bibliothecae
1154 878 1348 917 urbicae
1382 879 1499 928 plut.
1526 879 1554 917 Ι.
1577 879 1612 918 b.
1634 880 1687 917 23

339 949 444 974 num.
461 936 514 974 63
536 935 753 987 insignitus
771 937 814 974 in
832 936 961 975 indice
975 936 1152 976 Omontii
1161 932 1208 990 1)‚
1229 938 1357 976 bomb.
1376 939 1527 977 formae
1545 941 1620 977 oct.
1638 950 1690 976 sc.

338 995 450 1043 XIV,
482 995 579 1034 olim
610 995 813 1034 Antonii
844 995 1144 1046 Malaspinae
1183 998 1283 1036 teste
1313 998 1570 1048 inscriptione
1602 997 1691 1036 folii

338 1055 449 1093 tertii
464 1054 627 1104 praefixi
640 1053 730 1094 Σὺν
746 1054 831 1110 Θεῷ
842 1060 970 1106 κτῆμα
989 1051 1015 1106 ἡ
1028 1061 1210 1107 παροῦσα
1223 1055 1358 1107 βίβλος
1371 1056 1578 1095 Ἀντωνίου
1592 1058 1690 1095 Μα-

338 1113 509 1152 λασπίνα
535 1119 605 1152 τοῦ
634 1112 844 1165 Φωκαὲως,
875 1116 1016 1164 postea
1039 1114 1317 1155 Melchioris
1343 1115 1565 1155 Goldasti
1589 1117 1691 1154 teste

338 1174 596 1222 inscriptione
615 1172 791 1212 eiusdem
809 1173 914 1212 folii:
939 1174 1007 1213 Ex
1025 1174 1191 1213 biblioth.
1213 1174 1402 1224 Goldasti,
1427 1176 1497 1225 qui
1515 1175 1582 1214 fol.
1604 1175 1689 1213 233

340 1233 506 1271 —236'
531 1232 685 1271 easdem
711 1234 791 1271 tres
810 1235 945 1283 partes
969 1234 1098 1272 forma
1117 1245 1277 1284 prorsus
1297 1235 1434 1273 eadem
1453 1236 1574 1284 atque
1587 1233 1692 1272 Lau-

338 1292 542 1331 rentianus
569 1291 736 1330 exbibet.
771 1291 951 1331 Contulit
970 1292 1230 1342 Weichertus,
1256 1293 1327 1342 qui
1352 1293 1525 1332 codicem
1544 1293 1691 1332 litteris

339 1351 401 1389 Br
424 1351 635 1401 insignivit
652 1364 690 1401 p.
711 1351 817 1399 L111;
842 1351 910 1390 sed
930 1352 979 1390 ab
1000 1354 1200 1403 apparatu
1218 1353 1356 1391 critico
1377 1365 1467 1391 eum
1486 1364 1690 1391 removen-

339 1410 431 1448 dum
458 1422 542 1449 esse
567 1424 614 1449 ex
637 1410 700 1459 iis,
725 1423 827 1460 quae
852 1411 900 1449 de
926 1411 1194 1450 Laurentiano
1220 1411 1314 1460 dixi,
1340 1412 1604 1462 consequitur.

399 1468 494 1508 Cum
522 1469 791 1508 Laurentiano
823 1472 863 1508 et
886 1470 1091 1509 Bremensi
1123 1483 1283 1520 prorsus
1315 1472 1498 1523 congruit
1529 1472 1693 1519 excepto

339 1529 447 1578 quod
475 1528 670 1567 Demetrii
698 1528 856 1576 Τύπους
881 1527 1149 1575 ε’πιστολικοὺς
1174 1530 1310 1569 omisit
1334 1530 1455 1568 codex

267 1605 336 1636 459
399 1600 466 1638 51.
500 1599 750 1638 Parisinus
783 1613 840 1650 gr.
864 1601 976 1638 2562
1014 1600 1139 1639 bomb.
1166 1613 1217 1640 sc.
1238 1598 1426 1650 XIVJXV
1457 1601 1524 1639 fol.
1548 1602 1690 1639 140—

344 1659 438 1707 142,
470 1658 518 1699 de
550 1671 628 1708 quo
661 1672 682 1696 e
714 1658 832 1697 Rabii
863 1659 1017 1698 schedis
1048 1660 1206 1699 rettulit
1240 1660 1488 1699 Weichertus
1522 1673 1558 1710 p.
1589 1658 1694 1698 LIV.

398 1717 578 1767 Denique
604 1719 752 1757 mentio
777 1717 849 1757 fiat
873 1719 1155 1758 nonnullorum
1183 1721 1484 1758 tractatuum
1509 1731 1531 1758 e
1555 1718 1692 1757 libello

340 1776 699 1817 Pseudolibaniano
729 1777 965 1817 refictorum.
1007 1777 1157 1826 Unum,
1197 1779 1269 1829 qui
1305 1778 1438 1818 codice
1468 1778 1692 1817 Parisino

340 1849 403 1887 gr.
418 1837 530 1875 2782
547 1836 583 1874 A
597 1837 823 1875 continetur
835 1838 1051 1887 inscriptus
1065 1835 1262 1876 ἐπιστολαὶ
1274 1836 1456 1889 τεχνικαί,
1475 1837 1555 1875 iam
1572 1849 1694 1887 supra

340 1908 378 1944 p.
401 1896 454 1933 16
482 1897 563 1935 not.
585 1898 608 1934 2
636 1909 673 1934 n.
695 1896 749 1934 39
777 1896 995 1947 tetigimus.

400 1955 515 1993 Alter
550 1954 764 2005 inscriptus
799 1953 888 2007 περὶ
921 1961 991 1994 τοῦ
1026 1954 1317 2006 ἕπιστολιμαίου
1352 1960 1594 2008 χαρακτῆρος
1627 1951 1694 1993 καὶ

341 2012 443 2053 πόσα
467 2013 554 2064 εἴδη
581 2014 777 2066 διαφορᾶς
802 2012 933 2053 αὐτῶν
957 2012 1025 2054 καὶ
1050 2012 1268 2065 ὀνομάτων,
1294 2016 1364 2064 qui
1388 2013 1587 2053 codicibus

269 2091 339 2122 460
403 2087 470 2123 52.
496 2085 860 2124 vindobonensi
881 2085 1028 2124 theol.
1051 2087 1132 2125 231
1162 2097 1214 2125 sc.
1232 2085 1305 2124 XV
1330 2085 1631 2124 f01.16²—-17'
1655 2086 1697 2123 et

270 2152 335 2181 461
403 2145 470 2182 53.
496 2144 721 2183 Parisino
746 2157 810 2195 gr.
832 2145 948 2183 2830
979 2157 1031 2184 sc.
1051 2145 1146 2184 XVI
1171 2145 1238 2184 fol.
1259 2146 1530 2184 2372—239*
1544 2139 1578 2196 ²)
1605 2155 1695 2183 con-

402 2223 436 2266 1)
463 2220 714 2256 Centralblatt
738 2221 764 2257 f.
784 2221 882 2257 Bibl.
903 2222 971 2257 V11
998 2226 1078 2258 370.

402 2270 437 2314 2)
462 2268 492 2303 E
525 2280 599 2314 quo
631 2268 780 2304 codices
804 2268 921 2305 Paris.
946 2280 1000 2315 gr.
1016 2273 1107 2305 2731
1137 2281 1187 2305 sc.
1209 2269 1292 2304 XVI
1322 2268 1386 2305 fol.
1409 2271 1633 2304 141'—-143'
1657 2268 1697 2303 et

270 2320 339 2351 462
355 2319 440 2352 53⁸..
462 2315 615 2361 suppl.
642 2327 702 2362 gr.
724 2319 792 2352 543
819 2327 869 2352 sc.
895 2316 1096 2363 XVIJ'XVII
1120 2317 1184 2353 sol.
1213 2320 1385 2352 11‘—13'
1415 2315 1565 2351 fluxisse
1594 2315 1696 2350 recte

345 2363 506 2399 coniecit
518 2363 755 2399 Weichertus
768 2375 806 2409 p.
819 2362 927 2399 LXV.
959 2364 1001 2399 ln
1020 2364 1192 2410 margine
1204 2364 1344 2400 codicis
1358 2363 1487 2409 Suppl.
1501 2366 1570 2398 54³
1582 2371 1697 2397 manu

342 2411 484 2447 recenti
510 2410 691 2456 scriptum
715 2412 791 2446 est:
820 2411 906 2448 (lod.
928 2411 1016 2458 Ray.
1037 2414 1135 2447 3327
1160 2412 1222 2455 fol.
1236 2414 1311 2447 237
1328 2411 1367 2456 (i.
1385 2422 1416 2446 e.
1437 2411 1518 2446 Par.
1538 2411 1654 2455 2830).
