1872 2924
359 232 380 274 ᾖ
402 233 435 265 7.
475 228 539 265 ΟΕ
565 214 878 266 BECENSIONE
897 229 926 266 E
960 230 994 266 V
1015 229 1079 267 m·
1102 242 1139 267 m
1163 230 1320 267 111wa
1437 231 1518 274 161

156 318 244 359 dice
269 316 533 359 casanatensi
563 330 589 357 a
614 317 760 358 Wolfio
792 318 866 358 sub
898 319 1066 359 n.1558
1094 319 1273 359 exhibita
1297 333 1436 360 revera
1461 323 1522 360 est

157 377 351 429 Syuesii
370 391 432 429 ep.
447 378 472 417 6
491 377 633 417 Herch.
658 376 847 418 Omnium
870 379 1134 430 epistularum
1153 379 1272 419 initia
1291 382 1522 420 enumeravi

156 437 220 477 Fr.
241 437 375 477 Zamb.
403 438 525 489 90sq.
570 436 732 477 Contuli
757 438 934 478 codicem
959 451 994 479 a.
1018 439 1131 479 1872
1159 441 1200 479 ct
1227 441 1355 479 1915.

218 497 278 536 Ex
303 497 442 537 codem
467 497 647 548 exemplo
672 497 896 549 descriptus
920 501 982 538 est·
1007 498 1127 538 codex

218 569 314 610 180.
351 567 696 609 Casanatensis
732 570 814 609 197
851 581 902 610 sc.
923 565 1041 621 XV¹)
1076 570 1387 621 fain—127,
1421 572 1518 611 olim

154 628 370 669 cardinalis
408 628 694 679 Hieronymi
731 628 1015 669 Casanatae.
1071 630 1170 669 Cum
1208 630 1423 671 Dresdensi
1459 632 1519 670 ita

154 689 346 739 concinit,
374 691 422 728 ut
446 690 589 728 neuter
613 701 660 728 ex
685 689 814 729 altero
839 689 1065 740 descriptus
1090 689 1170 730 dici
1195 691 1331 740 possit.
1377 690 1517 730 Solum

154 748 264 797 inde,
291 748 394 799 quod
421 749 465 788 in
490 748 625 788 codice
651 748 867 788 Dresdensi
892 762 952 800 ep.
975 750 1059 788 382
1087 749 1148 789 bis
1170 753 1335 789 exarata
1359 753 1420 790 est
1439 747 1518 803 (λό

153 810 195 847 et
213 804 271 853 λς’
297 807 366 847 ubi
389 807 577 848 librarius
601 809 643 847 in
664 808 844 861 margine
869 808 1109 849 rubricavit:
1135 807 1197 857 δὶς
1215 807 1404 862 ἐγράφη),
1429 823 1517 849 eve·

152 868 232 917 nit,
264 871 310 907 ut
338 879 525 907 numerus
550 868 815 919 epistularum
839 869 882 907 in
908 868 1123 909 Dresdensi
1148 864 1255 923 (σνε)
1283 882 1363 909 uno
1389 870 1518 909 maior

151 927 207 967 sit
231 939 351 978 quam
376 928 418 966 in
446 926 707 967 Casanateusi
732 923 858 980 (σνδ).

211 987 450 1026 Examinavi
484 990 525 1027 et
557 987 607 1026 de
636 999 682 1027 eo
718 987 780 1027 Fr.
808 987 941 1027 Zamb.
969 989 1091 1039 89sq.
1120 988 1272 1027 rettuli.
1311 988 1358 1028 In
1389 989 1515 1039 pluri-

150 1046 226 1086 mis
245 1046 483 1086 lectionibus
502 1060 593 1086 cum
612 1047 796 1099 genuinis
821 1050 908 1087 tum
933 1049 1081 1098 spuriis
1100 1048 1377 1099 imprimisque
1396 1050 1514 1088 omis·

150 1106 331 1146 sionibus
361 1110 529 1158 uterque
560 1107 682 1147 codex
707 1119 795 1146 curn
831 1107 867 1146 V
888 1108 988 1147 facit
1019 1111 1141 1158 atque
1172 1109 1233 1147 ita
1258 1107 1438 1158 quidem,
1470 1112 1516 1148 ut

148 1167 190 1205 in
216 1166 421 1206 nonnullis
446 1167 630 1218 epistulis
650 1166 763 1206 velut
788 1168 887 1206 391.
915 1168 1014 1208 606.
1042 1168 1140 1207 506.
1169 1168 1267 1208 604.
1295 1169 1392 1208 618.
1414 1168 1512 1208 673.

150 1226 236 1265 693
263 1238 343 1265 non
374 1239 463 1266 cum
491 1222 560 1277 V²,
590 1226 661 1267 sed
686 1238 778 1265 cum
805 1222 862 1267 V⁴
889 1228 1131 1267 consentiat:
1162 1240 1210 1267 ex
1238 1228 1275 1267 V
1294 1227 1423 1279 igitur
1447 1227 1513 1267 de·

149 1285 321 1336 scriptus
341 1288 412 1335 est,
436 1288 649 1337 postquam
669 1287 738 1325 ille
764 1299 926 1326 manum
946 1289 1137 1338 quartam
1155 1288 1430 1327 correctricem
1449 1300 1514 1327 ex-

148 1349 286 1396 pertus
310 1347 382 1385 est.
427 1345 504 1385 Sed
531 1346 641 1385 haud
665 1359 816 1397 parvus
840 1348 903 1386 est
929 1348 1054 1386 etiam
1081 1359 1269 1386 numerus
1294 1347 1510 1387 lectionum

148 1417 298 1453 earum,
316 1406 360 1445 in
378 1405 523 1456 quibus
542 1405 594 1445 ab
615 1405 691 1446 hoc
709 1405 910 1457 discrepat
928 1408 968 1446 et
988 1418 1083 1445 cum
1102 1406 1305 1446 codicibus
1324 1408 1511 1459 propagi-

147 1466 211 1504 nis
227 1464 372 1511 SMon
381 1465 600 1511 WOuLac
612 1466 719 1505 facit.
742 1465 819 1505 Sed
832 1479 882 1505 ne
895 1466 938 1504 in
953 1465 1164 1506 miscendis
1183 1466 1345 1517 quidem
1364 1468 1511 1506 utrius-

147 1537 225 1575 que
256 1524 402 1564 codicis
434 1525 672 1565 lectionibus
706 1526 924 1576 acquievit,
955 1525 1022 1565 sed
1052 1527 1138 1576 ipse
1163 1527 1348 1566 novavit:
1373 1539 1431 1566 ex.
1451 1540 1509 1577 gr.

146 1597 206 1635 ep.
218 1585 299 1624 167
316 1585 373 1636 (Χ
389 1580 541 1637 158,3)
553 1583 762 1636 ἐπήλασεν,
778 1585 886 1636 quod
898 1598 988 1624 cum
1010 1586 1068 1625 Va
1082 1586 1135 1625 Vo
1148 1586 1341 1636 praebent
1352 1585 1384 1625 S
1394 1586 1510 1632 WGn

155 1643 276 1690 Vina,
311 1644 486 1684 mutavit
519 1645 562 1684 in
594 1642 809 1697 ἠπείλησεν
842 1645 1174 1696 potissimumque
1207 1647 1252 1685 in
1282 1645 1509 1685 nominibus

145 1703 318 1755 propriis
344 1704 562 1744 alterandis
581 1717 606 1744 a
625 1704 852 1744 temeritate
873 1717 953 1744 non
973 1704 1182 1744 abhorruit
1199 1705 1312 1744 velut
1329 1698 1378 1744 'in
1397 1707 1508 1745 λεον-

146 1762 215 1819 τίφ
242 1776 304 1814 ep.
325 1764 380 1804 93
408 1764 464 1817 (X
491 1765 562 1814 96,
581 1760 648 1817 3),
678 1762 801 1820 κέλσῳ
827 1777 888 1815 ep.
909 1766 993 1804 323
1022 1761 1078 1818 (X
1104 1765 1204 1814 302,
1225 1760 1290 1818 9),
1321 1763 1507 1820 οὖρβανῷ

144 1835 204 1874 ep.
221 1823 304 1863 556
327 1819 383 1878 (X
403 1819 568 1876 521,2).
600 1823 850 1875 Quamquam
870 1824 997 1876 igitur
1013 1825 1256 1875 paucissima
1275 1824 1382 1864 solus
1401 1828 1508 1865 recte

143 1883 338 1933 servavit,
369 1885 506 1923 tamen
536 1885 584 1923 ut
614 1884 801 1923 unicus
830 1884 991 1924 testis
1024 1884 1355 1924 recensionis
1382 1885 1504 1924 mix-

144 1947 229 1982 tae
252 1944 295 1981 in
320 1946 561 1994 apparatum
586 1943 838 1994 recipiendus
863 1945 960 1983 erat.
994 1942 1071 1982 Sed
1090 1945 1132 1983 in
1151 1943 1348 1983 alterutro
1372 1943 1506 1984 codice

142 2002 393 2053 acquiescere
418 2005 727 2043 consentaneum
752 2005 858 2042 erat:
883 2003 986 2055 elegi
1010 2002 1186 2042 codicem
1208 2003 1260 2043 D.

206 2074 334 2114 180a.
348 2073 532 2114 Codicem
544 2074 687 2114 horum
701 2075 915 2126 gemellum
930 2074 1189 2114 Francisco
1203 2074 1505 2115 Zambicario

141 2132 183 2171 in
203 2133 386 2184 epistulis
404 2134 530 2174 latine
551 2133 750 2173 vertendis
770 2133 822 2174 ad
841 2146 1003 2173 manum
1022 2134 1157 2183 fuisse,
1173 2133 1241 2174 sed
1261 2134 1380 2174 simul
1399 2135 1505 2175 huuc

142 2193 184 2230 in
204 2205 367 2232 munere
387 2205 459 2234 suo
480 2193 661 2234 obeundo
680 2195 741 2232 ita
760 2196 961 2234 versatum
982 2206 1079 2242 esse,
1103 2195 1152 2233 ut
1175 2194 1261 2233 eius
1285 2194 1504 2234 lectionum

141 2252 184 2290 in
216 2254 416 2303 apparatu
446 2254 528 2293 iam
558 2253 671 2292 nulla
701 2253 807 2293 ratio
831 2252 1015 2293 habenda
1039 2253 1112 2303 sit,
1142 2254 1309 2305 exposui
1332 2253 1374 2292 iu
1399 2254 1504 2294 libro

142 2311 204 2350 Fr.
226 2311 361 2352 Zamb.
378 2313 433 2352 86
443 2325 501 2364 sq.

201 2428 235 2472 1)
260 2424 315 2463 cf.
340 2427 367 2462 t.
388 2427 403 2462 Ι
423 2430 493 2463 420
520 2439 556 2463 n.
576 2429 633 2464 63.
678 2426 786 2470 Quod
803 2426 1076 2482 ‘Bancalariug
1102 2426 1210 2464 Stud.
1236 2427 1317 2463 ital.
1345 2426 1384 2463 di
1411 2427 1499 2464 mol.

138 2472 248 2509 class.
273 2476 299 2510 t.
319 2473 353 2509 11
380 2478 446 2510 161
474 2485 524 2511 sc.
544 2474 628 2511 XVI
653 2486 740 2511 eum
763 2474 908 2519 tribuit,
932 2475 1094 2520 probare
1117 2486 1192 2511 non
1218 2485 1381 2521 possam.
