1872 2924
504 185 587 227 116
803 183 1169 220 PROIAEGOMENA
1197 183 1262 219 AD
1288 183 1548 223 EPISTULAS

500 272 636 312 eadem
671 274 731 311 est
761 274 883 322 atque
916 273 998 311 282
1013 272 1097 321 W.‚·
1127 273 1239 311 1204
1254 272 1328 322 W.‚
1362 285 1464 323 quae
1489 285 1627 312 revera
1651 276 1712 313 est
1736 273 1851 314 Pro·-

500 331 629 382 copii
655 344 714 382 ep.
737 332 804 376 15,
837 344 884 369 ex
910 344 956 370 eo
983 331 1120 370 edidit.
1155 331 1358 371 Lectiones
1384 331 1468 371 eius
1495 332 1544 371 ad
1569 345 1629 382 ep.
1652 334 1735 372 279
1761 345 1848 384 epe-

499 391 655 429 ciminis
687 391 773 429 loco
805 390 1018 440 protulisse
1050 391 1147 429 satis
1179 388 1309 429 visum
1340 394 1411 429 est.
1451 391 1536 442 Ego
1562 404 1597 429 a.
1621 392 1734 432 1870
1759 405 1848 432 exa—

501 463 663 489 minavi.

562 509 618 548 Ex
642 509 718 548 hoc
742 508 963 559 descriptus
988 510 1049 547 est
1073 508 1193 548 codex

430 577 499 608 524
561 569 628 607 83.
648 568 1009 607 Laurentianus
1029 566 1100 605 LV
1115 569 1139 606 2
1159 567 1321 606 membr.
1336 568 1485 608 formae
1499 567 1587 607 folii
1599 581 1651 608 sc.
1662 568 1735 608 XV
1747 571 1850 609 teste

500 627 791 678 subscriptione
815 627 884 666 fol,
906 628 988 666 316
1016 625 1203 679 ἐξέγραψε
1230 626 1427 679 Ζηνόβιος
1453 624 1473 666 ὅ
1494 622 1728 676 Ἀκκιαῶλος
1759 641 1849 668 exa-

499 689 612 726 ratus
644 699 669 724 a
695 686 903 725 Zenobio
929 686 1180 725 Acciaiolo
1206 685 1436 725 Florentino
1468 686 1616 726 ordinis
1642 687 1848 728 Praedica-

500 748 630 785 torum
656 746 779 784 fratre
800 745 890 784 inde
910 745 959 784 ab
980 758 1015 783 a.
1032 746 1143 784 1497
1165 745 1427 784 bibliothecae
1446 745 1670 785 Marcianae
1689 747 1850 786 Floren-

500 805 626 854 tinae,
658 805 707 843 ab
729 805 842 844 1518
870 817 994 855 usque
1020 804 1070 843 ad
1094 804 1219 853 1519,
1245 817 1324 855 quo
1350 801 1573 857 mortuus¹)
1599 806 1675 856 est,
1706 805 1848 846 biblio-

471 907 476 911 ,
501 865 637 903 thecae
662 863 882 903 Vaticanae
915 864 1135 914 praefecto,
1167 877 1283 914 quem
1309 877 1470 903 munere
1496 876 1568 903 suo
1595 877 1735 915 parum
1760 865 1849 905 dili-

493 925 640 975 genter
663 920 849 962 functum
875 935 958 962 esse
977 922 1271 975 Rostgaardum
1291 936 1368 962 non
1389 924 1504 975 fugit,
1525 923 1638 963 cuius
1657 926 1796 964 notam
1806 924 1849 964 in

500 983 629 1022 fronte
655 982 801 1022 codicis
826 983 1017 1033 scriptam
1041 978 1263 1021 Bandinius
1289 981 1415 1021 Catal.
1441 982 1552 1022 codd.
1577 995 1705 1035 graec.
1730 983 1849 1023 Laur.

499 1042 538 1080 11
561 1044 643 1081 216
671 1041 820 1092 publici
846 1042 942 1081 iuris
967 1042 1073 1080 fecit.
1097 1042 1324 1081 Acciaiolus
1344 1043 1645 1091 quaternionem
1663 1042 1850 1082 foliorum

502 1102 734 1140 165-172
763 1115 835 1152 per
860 1114 1031 1141 errorem
1055 1102 1098 1139 in
1124 1101 1340 1151 exemplari
1363 1100 1634 1140 Laurentiano
1659 1101 1774 1141 LVII
1794 1103 1849 1141 19

500 1163 592 1200 ante
611 1161 913 1211 quaternionem
933 1161 1121 1200 foliorum
1144 1161 1376 1199 157—164
1396 1161 1574 1210 positum
1600 1173 1684 1200 esse
1707 1174 1848 1212 parum

500 1220 708 1259 attendens
728 1219 922 1271 epistulae
942 1217 1020 1266 σοζ’
1045 1219 1251 1258 subiunxit
1270 1220 1481 1269 epistulam
1502 1230 1550 1273 oq
1572 1221 1612 1258 et
1629 1222 1851 1270 sequentes,

500 1282 540 1318 et
566 1282 645 1319 tres
671 1279 864 1330 epistulas
889 1280 956 1330 μζ,
983 1274 1101 1331 μηῖ),
1126 1294 1203 1329 τμα
1229 1275 1288 1328 (=
1311 1280 1436 1319 1208.
1457 1279 1555 1318 493.
1577 1277 1676 1331 992)
1701 1280 1847 1319 omisit.

499 1339 599 1377 Item
639 1339 916 1390 inscriptiones
955 1338 1218 1389 epistularum
1258 1339 1341 1376 279
1381 1340 1421 1376 et
1462 1337 1731 1378 antecedentis
1764 1340 1848 1379 107

500 1399 773 1437 commutavit.
809 1397 1016 1436 Lectiones
1049 1400 1093 1436 ut
1118 1397 1376 1436 Laurentiani
1402 1397 1514 1436 LVII
1540 1398 1593 1437 19
1627 1397 1852 1448 speciminis

501 1458 586 1496 loco
613 1458 654 1496 in
674 1470 733 1509 ep.
757 1459 839 1496 279
861 1457 1076 1507 protulisse
1094 1456 1192 1496 satis
1218 1455 1351 1494 habui.
1383 1456 1442 1495 De
1468 1457 1535 1496 fol.
1557 1458 1777 1497 210—316
1804 1458 1853 1496 cf.

499 1517 604 1556 infra
624 1516 696 1556 sub
715 1530 752 1556 n.
776 1517 871 1555 373.
899 1515 1028 1555 Codex
1047 1516 1287 1554 Mediceus
1310 1514 1343 1554 G
1363 1516 1588 1567 appellatus
1614 1518 1675 1555 est
1693 1529 1717 1555 a
1736 1515 1852 1555 Rost-

500 1576 661 1627 gaardo.
700 1575 947 1615 Examinavi.

560 1635 619 1674 Ex
650 1635 725 1675 hoc
762 1635 895 1674 codice
928 1636 968 1673 et
998 1634 1267 1673 Laurentiano
1299 1634 1411 1673 LVII
1444 1635 1498 1672 47
1538 1634 1759 1685 descriptus
1791 1637 1852 1673 est

501 1695 662 1734 a.1695
690 1695 739 1733 ab
767 1695 976 1733 Antonio
1002 1694 1156 1732 Maria
1182 1692 1383 1732 Salv-ino
1409 1693 1530 1732 codex
1555 1695 1627 1744 qui
1651 1694 1767 1733 hodie
1793 1696 1853 1733 est

431 1762 498 1793 525
562 1755 628 1793 84.
666 1753 929 1792 bibliothecae
969 1752 1210 1792 Bodleianae
1251 1752 1596 1791 Dorvillianus
1633 1753 1678 1792 X.
1709 1754 1744 1792 1.
1767 1754 1804 1791 4.
1825 1755 1851 1791 4

502 1813 736 1864 inscriptus:
773 1813 939 1852 Libanii
967 1812 1170 1861 Epistolae
1196 1824 1214 1850 e
1240 1811 1448 1851 Codicibus
1478 1813 1667 1851 Mediceis
1703 1811 1853 1851 duobus

500 1875 550 1912 ab
569 1872 739 1912 Antonio
758 1873 900 1911 Maria
917 1871 1078 1911 Salvino
1098 1871 1321 1919 descriptae.
1352 1869 1430 1909 An.
1453 1871 1579 1909 1695.
1599 1870 1850 1910 Antecedunt

501 1932 695 1982 epistulae
722 1933 807 1971 300
833 1931 1096 1970 Laurentiani
1119 1930 1232 1968 LVIl
1252 1930 1330 1979 47,
1355 1933 1577 1980 sequuntur
1607 1943 1630 1968 a
1655 1943 1745 1982 pag.
1767 1930 1851 1970 308

502 1991 697 2041 epistulae
723 1990 868 2030 codicis
890 1990 1006 2029 Laur.
1030 1989 1100 2028 LV
1122 1991 1146 2027 2
1166 1989 1381 2038 inscriptae
1399 1988 1579 2041 λιβανίου
1601 1990 1854 2043 κοιαίστωρος

501 2049 565 2089 καὶ
601 2055 791 2101 σοφιστοῦ
824 2047 1022 2089 ἐπιστολαὶ
1055 2046 1240 2101 ἕξέγραψε
1272 2047 1453 2099 ζηνόβιος
1484 2046 1504 2088 ὅ
1538 2046 1772 2095 ἀκκιαιῶλος
1809 2054 1853 2087 et

502 2109 768 2160 subscriptae:
798 2109 901 2148 Seno
924 2108 1063 2147 intuito
1090 2109 1186 2147 531.
1212 2110 1294 2146 θεῶ
1320 2106 1487 2160 χάριτας.
1519 2106 1568 2146 ἷιδ
1593 2107 1850 2160 σεπτεμβρίου

505 2195 620 2234 Ιαχρε.
653 2180 884 2231 Sequuntur
902 2182 982 2219 tres
1002 2179 1198 2229 epistulae
1219 2191 1320 2228 quae
1343 2180 1458 2218 erant
1475 2180 1643 2218 omissae
1663 2189 1752 2230 σνη,
1772 2191 1853 2230 ρνε,

504 2252 575 2292 σογ
594 2253 642 2279 ex
660 2240 794 2280 codice
813 2239 944 2290 priore
965 2234 1029 2292 (=
1053 2239 1148 2277 725.
1171 2238 1297 2276 1224.
1319 2233 1453 2290 1058)
1473 2237 1692 2288 descriptae
1713 2240 1753 2276 et
1771 2237 1852 2288 epi·

504 2300 634 2338 stulae
658 2299 764 2338 inter
789 2299 983 2338 Basilium
1007 2299 1048 2336 et
1065 2297 1277 2335 Libanium
1302 2298 1474 2335 mutuae.
1515 2296 1684 2347 Inspexi.

567 2379 600 2422 1)
625 2378 713 2413 Mes.
733 2377 943 2423 Upe.-Liuc.
966 2379 1020 2410 19.
1059 2375 1108 2409 Μ.
1131 2373 1247 2420 Vogel
1266 2376 1303 2408 et
1323 2373 1583 2410 Gardthausen
1611 2379 1688 2410 127.

564 2426 599 2469 2)
624 2424 709 2460 Non
724 2428 806 2467 σλθ,
821 2425 912 2460 utin
930 2425 1022 2459 nota
1035 2420 1258 2468 Rostgaardi
1277 2422 1377 2466 apud
1391 2421 1617 2457 Bandinium
1630 2422 1654 2457 l.
1665 2422 1688 2458 1.
1704 2421 1852 2468 legitur.
