1872 2924
185 226 371 266 numu
395 226 477 270 Qut
502 223 770 262 FERUNTUR
795 221 1147 260 CHARACTERES
1173 219 1436 258 EPISTOLICI
1468 219 1525 262 39

223 313 294 357 65.
321 311 721 368 Συμπαθητική.
767 309 959 366 Σφόδρα
983 308 1094 351 κατὰ
1117 308 1268 363 ψυχὴν
1292 305 1528 362 ἠχθέσθην

163 379 360 437 ἀκηκοὼς
385 379 491 433 περί
511 392 649 420 τινων
674 375 941 431 συμβάντων
960 385 1031 417 σοι
1050 374 1216 417 δεινῶν
1234 372 1308 415 καὶ
1326 372 1376 415 τὸ
1396 375 1529 415 θεῖον

164 444 367 489 ἱκέτευσα
397 443 571 487 τούτων
602 441 844 497 ἐλεύθερόν
876 450 926 483 σε
950 445 1231 495 καταστῆσαι.
1269 439 1417 494 φίλων
1440 437 1527 493 γάρ

162 509 287 555 ἐστιν
310 510 523 566 εὔχεσθαι
547 509 654 558 τοὺς
678 507 840 562 φίλους
858 504 926 549 ἀεὶ
946 512 1095 549 κακῶν
1115 503 1384 559 ἐλευθέρους
1403 503 1527 558 ὁρᾶν.

223 587 294 631 66.
322 586 697 641 Θεραπευτική.
736 583 849 640 Ἐγὼ
884 584 966 639 μὲν
1000 582 1068 640 ἐφ’
1111 576 1180 633 οἷς
1213 579 1342 626 εἷπον
1377 582 1528 636 λόγοις

161 656 389 709 μετῆλθον
417 650 548 709 ἔργῳ,
579 651 630 694 τὸ
662 651 747 706 γὰρ
780 650 978 694 σύνολον
1008 648 1091 692 οὐκ
1117 647 1321 703 ἐνόμιζόν
1345 646 1398 690 σέ
1419 659 1526 690 ποτε

163 720 525 775 λυπηθήσεσθαι·
570 717 609 760 εἰ
641 714 681 759 ‹5’
714 714 786 759 ἐπὶ
816 721 911 767 τοῖς
942 718 1172 771 λεχθεῖσιν
1202 714 1229 770 ἢ
1257 717 1527 769 πραχθεῖσιν

162 783 407 841 ἠχθέσθης,
433 787 545 836 ἴσθι,
569 782 775 839 κράτιστε
794 781 988 837 ἀνδρῶν,
1007 780 1067 831 ὡς
1086 779 1234 823 οὐκέτι
1253 786 1344 822 τῶν
1363 776 1527 834 ῥηθέν-

162 862 254 894 των
278 851 415 906 λόγον
439 849 555 900 ὅλως
579 846 685 892 ποτὲ
709 848 961 903 ποιήσομαι.
999 847 1163 896 σκοπὸς
1188 844 1273 901 γάρ
1293 860 1369 900 μοι
1388 848 1527 899 θερα-

160 915 318 959 στεύειν
341 913 410 957 ἀεὶ
435 914 539 964 τοὺς
565 915 726 969 φίλους
751 911 874 956 ἐστὶν
897 912 1010 968 ἤπερ
1036 914 1207 954 λυπεῖν.

223 992 293 1036 67.
314 993 701 1048 Συγχαρητική.
733 991 973 1046 Συγχαίρω
1003 1001 1076 1033 σοι
1101 991 1204 1032 λίαν
1229 986 1302 1045 ἐφ’
1325 981 1392 1038 οἷς
1411 986 1527 1043 ἀγω-

161 1058 400 1113 νισάμενος
424 1057 719 1113 εὐδοκίμησας
739 1057 802 1107 εἰς
819 1061 1040 1099 τοσοῦτον
1058 1054 1117 1106 ὡς
1137 1054 1210 1098 καὶ
1228 1060 1381 1110 γραφῇ
1403 1068 1527 1109 τιμη-

160 1126 314 1179 θῆναι.
354 1123 615 1178 συγχαίρειν
645 1122 730 1178 γὰρ
765 1122 848 1178 χρὴ
879 1129 975 1172 τοῖς
999 1122 1149 1178 φίλοις
1174 1117 1225 1164 εὖ
1250 1120 1527 1176 πράττουσιν

162 1190 222 1240 ὡς
246 1188 320 1233 καὶ
346 1190 590 1243 συναλγεῖν
615 1187 925 1243 λυπουμένοις.

223 1265 293 1309 68.
314 1267 760 1321 Παραλογιστική.
793 1266 851 1308 Εἰ
870 1263 943 1309 καὶ
962 1263 1099 1320 μέγας
1116 1279 1184 1315 τις
1202 1261 1324 1319 ἦσθα
1342 1261 1416 1305 καὶ
1435 1269 1526 1305 τῶν

225 1423 243 1455 1
263 1418 334 1467 τὴν
358 1420 447 1454 ante
474 1417 600 1464 ψυχὴν
626 1418 726 1454 PaD
745 1418 824 1454 Har
843 1417 932 1454 Wefl
952 1418 1030 1454 Her
1084 1421 1105 1453 2
1130 1430 1233 1459 τινος
1257 1418 1298 1454 D
1313 1416 1389 1453 Har
1438 1428 1526 1463 συμ-

162 1464 380 1514 βαινόντων
406 1466 479 1503 VU
502 1464 791 1512 συμβεβηκότων
810 1465 889 1503 ΡΗ
899 1465 988 1502 Wee
1005 1465 1079 1502 Her
1103 1463 1378 1513 συμβεβηκότος
1395 1465 1436 1501 D
1447 1465 1528 1500 Har

223 1516 351 1551 δεινοῦ
371 1514 412 1551 D
427 1513 503 1549 Har
573 1512 640 1549 τὸν
659 1511 855 1557 κρείττονα
876 1514 955 1550 PH
966 1514 1053 1549 Weu
1068 1513 1144 1550 Hor
1217 1517 1238 1548 3
1259 1524 1298 1549 σε
1317 1524 1379 1549 om
1397 1513 1436 1548 D
1449 1513 1527 1548 Har

224 1566 457 1606 καταστῆναι
483 1561 520 1598 U
563 1559 674 1606 φίλον
700 1562 735 1598 U
827 1565 850 1596 4
874 1562 962 1602 τοὺς
983 1560 1117 1606 φίλους
1135 1560 1316 1608 εὔχεσθαι
1335 1562 1372 1597 Β
1386 1572 1432 1607 pr
1444 1560 1527 1596 Mor

223 1608 479 1656 [6]νειδιστωιὴ
504 1610 568 1644 καὶ
594 1608 887 1655 ἀπευχαριστικὴ
913 1608 1036 1657 [ο]ὐδὲ
1067 1607 1160 1655 μίαν
1192 1619 1251 1645 σοι
1282 1607 1393 1655 χάριν
1416 1609 1526 1655 γινώ-

162 1669 240 1693 σκω
284 1657 374 1694 οὐδὲ
393 1656 465 1703 γάρ
485 1669 529 1702 με
548 1654 633 1692 κατ’
649 1655 791 1693 οὐδένα
811 1659 953 1702 τρόπον
972 1654 1168 1702 ὠφέλησας
1185 1662 1335 1693 πῶποτε
1353 1656 1395 1692 τὸ
1416 1656 1526 1692 σύνο-

161 1706 229 1742 λον
253 1704 305 1747 ὡς
329 1704 419 1742 οὐδὲ
444 1709 514 1740 νῦν
538 1705 625 1749 post
650 1702 746 1748 ὁρᾶν
771 1704 807 1741 V
898 1708 919 1740 6
946 1703 969 1750 ἦ
995 1705 1085 1740 ante
1109 1706 1298 1750 μετῆλθον
1316 1703 1527 1741 DPHHar

162 1751 254 1789 We·
267 1751 343 1788 Hor
361 1752 406 1789 οὐ
426 1753 515 1788 ante
534 1753 722 1797 μετῆλθον
737 1751 807 1788 Par
822 1755 914 1789 1760
926 1752 1013 1788 Wei
1062 1753 1248 1798 μετῆλθεν
1267 1751 1304 1789 U
1346 1750 1413 1788 τὸν
1428 1751 1526 1787 ΡαΒ

190 1811 209 1835 ι·
221 1799 306 1836 Mor
352 1798 425 1845 γὰρ
450 1810 512 1835 om
532 1799 612 1835 PH
627 1799 714 1835 Wes
727 1799 801 1836 Her
865 1799 898 1835 σ’
912 1828 920 1836 .
933 1828 941 1836 .
956 1801 1044 1836 ολον
1077 1799 1114 1836 U
1132 1799 1343 1847 σύμβουλον
1368 1799 1467 1835 ΡαΒ
1479 1810 1527 1844 pr

202 1858 246 1884 or
293 1846 335 1884 σέ
357 1858 420 1884 om
439 1847 476 1883 P
520 1845 810 1892 λυπηθήσεσθαί
833 1860 925 1884 ποτε
953 1846 1069 1883 VHin
1168 1851 1186 1883 '1
1214 1847 1256 1884 δὲ
1278 1848 1315 1883 Β
1365 1844 1526 1893 ἣπραχ-

161 1899 289 1932 θεῖσιν
314 1894 457 1932 cancell
481 1894 556 1930 Hin
582 1893 643 1930 del
663 1894 747 1931 Wei
844 1899 866 1931 8
890 1900 964 1931 τῶν
991 1898 1078 1931 ante
1103 1895 1255 1940 ἀνδρῶν
1288 1894 1418 1932 ΠΡαΒ
1431 1906 1477 1940 pt

161 1945 232 1980 οὐκ
257 1942 334 1979 ἔστι
366 1943 403 1980 U
422 1942 492 1979 οὐκ
517 1942 571 1978 ἔτι
595 1942 692 1979 ΡαΒ
789 1946 810 1978 9
835 1941 939 1989 λόγοι
964 1944 1001 1979 Β
1050 1942 1143 1984 ὅλως
1168 1954 1229 1979 om
1253 1954 1300 1989 pr
1347 1942 1437 1978 ποτὲ
1463 1953 1524 1977 om

161 1990 383 2028 PaBDPH
392 1989 473 2026 Har
484 1989 567 2026 Mor
579 1989 669 2026 Wes
684 1989 759 2026 Her
856 1994 901 2026 10
920 1991 1021 2027 ἐστὶν
1036 2001 1099 2026 om
1121 1991 1155 2026 V
1166 1990 1238 2026 Hin
1287 1991 1425 2035 μᾶλλον
1439 1991 1527 2035 post

161 2038 242 2074 ἐστὶ
259 2038 362 2074 inser
383 2037 470 2073 Wes
486 2037 560 2072 Her
619 2037 722 2082 εἴπερ
749 2037 785 2074 U
799 2037 892 2082 ὑπὲρ
912 2039 1008 2075 ΡαΒ
1028 2050 1074 2085 pr
1093 2038 1174 2073 Mor
1198 2035 1222 2083 ἢ
1243 2038 1284 2074 D
1300 2037 1374 2072 Har
1421 2050 1526 2082 περι-

160 2087 294 2122 λυκιῑν
307 2086 348 2122 D
361 2085 439 2121 Har
450 2083 492 2121 τὸ
505 2087 637 2121 λυπεῖν
650 2085 687 2121 Β
700 2096 745 2131 pr
755 2084 837 2120 Mor
900 2090 941 2121 11
957 2084 1196 2132 συγχαριτική
1213 2086 1248 2121 V
1262 2085 1526 2132 συγχαριστική

161 2133 223 2170 Pa
241 2132 320 2169 Har
338 2132 420 2168 Mor
434 2132 521 2168 Wea
535 2131 611 2168 Hor
635 2132 865 2180 συγχαρτική
888 2132 964 2169 nin
988 2133 1036 2170 cf.
1055 2144 1093 2179 p.
1113 2136 1170 2178 28,
1191 2137 1212 2167 9
1233 2134 1272 2168 et
1285 2136 1341 2176 81,
1355 2137 1374 2171 1
1438 2144 1525 2180 συγ-

159 2178 341 2228 χαίρομεν
361 2180 443 2217 PH
452 2179 540 2216 We·
555 2179 630 2216 Her
678 2179 960 2226 ἀγωνισάμενος
984 2191 1045 2216 om
1065 2181 1162 2217 PaB
1175 2192 1222 2226 pr
1235 2180 1317 2217 Mor
1366 2184 1410 2216 12
1425 2181 1525 2217 οἰκο-

162 2227 328 2274 νομήσας
350 2229 439 2274 poet
463 2225 713 2273 εὐδοκίμησας
740 2228 777 2263 Β
794 2239 839 2274 pr
851 2227 934 2264 Mor
999 2228 1037 2270 ἐς
1062 2229 1123 2264 Ρα
1239 2231 1283 2264 18
1309 2227 1524 2275 συγχαίρειν

163 2296 208 2303 -
225 2278 270 2312 14
294 2272 542 2321 λυπουμένοις
566 2274 774 2321 praemisso
793 2274 978 2322 Λιβανίου
1010 2275 1100 2312 citat
1119 2275 1302 2312 Maximus
1328 2275 1431 2312 Conf.
1453 2275 1522 2311 loc.

160 2334 294 2359 comm.
314 2333 422 2359 term.
444 2325 477 2366 6,
498 2325 568 2358 660
587 2322 646 2358 od.
665 2320 792 2358 Comb.
811 2325 916 2367 (tom.
935 2327 980 2359 91
1002 2322 1070 2359 ool.
1092 2326 1173 2368 763,
1193 2326 1214 2358 6
1236 2323 1287 2359 Mi
1341 2326 1388 2366 e).
1407 2333 1428 2359 ο
1447 2334 1524 2369 quo

162 2369 304 2417 pendet
322 2371 459 2406 Anton.
481 2368 619 2406 Meliss.
638 2369 656 2405 1
675 2373 721 2406 24
746 2371 786 2406 et
804 2373 850 2406 26
875 2370 934 2407 od.
954 2370 1081 2418 Migne
1101 2373 1143 2416 (t.
1167 2374 1233 2407 136
1253 2382 1296 2406 co
1314 2399 1320 2406 .
1342 2373 1426 2415 862)

161 2417 394 2503 πξῖζῖσονυσιν
420 2417 455 2452 V
512 2421 556 2452 14
576 2417 626 2459 ὡς
643 2428 705 2454 om
725 2416 800 2453 Har
848 2420 1043 2465 συναλγῶν
1060 2417 1285 2465 λυπημένοις
1305 2419 1341 2455 Β
1410 2422 1454 2454 16
1476 2418 1525 2455 Et

162 2476 186 2501 ο
228 2476 243 2501 ι

1547 926 1582 952 10

1547 1279 1580 1304 1⁶
