1872 2924
353 215 410 258 98
655 214 1022 251 PROLEGOMENA
1046 216 1112 251 AD
1137 216 1397 252 EPISTULAS

353 303 432 342 Δία
463 304 616 343 calamo
647 303 810 342 reddere
843 303 943 343 adeo
978 305 1015 343 ei
1045 305 1232 356 religioni
1267 306 1361 355 fuit,
1383 308 1444 349 ‚ut
1478 309 1707 354 constanter

354 375 491 402 eorum
516 363 602 402 loco
627 361 727 402 θεὸν
752 362 951 402 scriberet.

414 421 597 461 Codicem
621 422 915 473 aliquantisper
937 424 981 462 in
999 423 1240 462 monasterio
1261 423 1507 464 Sinaitarum
1526 424 1704 465 Oairensi

351 482 569 532 repositum
594 495 728 520 meum
752 482 794 520 in
818 495 936 521 usum
956 483 1200 521 examinavit
1217 481 1321 522 Guil.
1342 483 1486 533 Spitta,
1506 485 1703 536 exempla-

352 540 412 579 vit
423 541 775 592 apographumque
789 541 892 580 dono
902 541 1001 580 mihi
1014 541 1125 580 misit
1137 541 1184 580 N.
1195 541 1408 593 Gregorius
1423 543 1701 585 Bernardskis.

410 600 470 638 Ex
501 600 639 639 eodem
670 600 886 650 exemplari
925 603 1045 651 atque
1069 600 1116 645 S1
1143 601 1332 652 descripti
1357 604 1450 641 sunt
1479 602 1614 652 plures
1639 616 1702 643 co-

350 659 466 699 dices.
497 659 607 698 Inter
631 672 731 710 quos
755 673 804 710 pi
806 660 932 698 oxime
958 672 982 698 a
1006 659 1037 699 S
1063 661 1146 699 stat

278 729 346 759 505
411 719 477 757 56.
503 718 768 759 Vaticanus
799 732 857 771 gr.
885 720 969 758 943
1002 719 1125 759 chart.
1154 720 1304 759 formae
1334 722 1409 759 oct.
1442 733 1493 760 sc.
1507 721 1603 760 XVI
1633 722 1702 761 fol.

351 779 538 817 1—197.
574 777 661 818 Hac
687 780 845 817 tantum
870 791 914 817 re
939 778 988 816 ab
1008 778 1080 817 illa
1100 778 1281 829 discedit,
1300 779 1408 829 quod
1426 792 1486 829 ep.
1501 781 1586 820 887
1608 783 1701 819 ante

349 838 436 877 800
462 837 642 887 praebet,
676 851 735 888 ep.
758 838 842 876 255
875 839 980 877 inter
1006 838 1089 877 183
1117 840 1157 877 et
1183 839 1268 878 600
1293 839 1439 888 omisit,
1471 852 1531 890 ep.
1551 839 1624 879 σκδ
1643 861 1699 866 -

348 893 438 935 σλθ’
450 891 569 948 (779.
587 898 683 935 799.
698 897 796 937 800.
812 897 909 937 804.
925 898 1024 936 809.
1040 898 1137 937 811.
1153 898 1249 936 833.
1266 898 1362 936 840.
1379 899 1475 937 845.
1492 899 1588 938 846.
1601 899 1699 938 855.

348 956 444 994 868.
468 956 566 994 897.
587 957 683 995 911.
706 957 802 995 924.
825 951 930 1010 925)
949 969 1021 1007 per
1039 969 1209 996 errorem
1228 956 1289 996 bis
1309 956 1478 996 exhibet.
1503 957 1638 997 Etiam
1657 959 1698 997 in

346 1014 583 1054 lectionibus
606 1016 755 1065 pravis,
780 1018 826 1054 ut
850 1014 947 1066 ἐμοῦ
973 1029 1045 1066 pro
1070 1014 1192 1069 ἕρμοῦ
1211 1030 1271 1066 ep.
1288 1017 1385 1065 145,
1410 1029 1498 1055 cum
1517 1017 1589 1057 illo
1608 1029 1699 1057 con-

346 1075 479 1113 sentit.
518 1074 735 1124 Epistulas,
760 1088 864 1125 quae
888 1076 931 1114 in
949 1075 980 1114 S
1001 1088 1080 1114 uno
1101 1076 1198 1114 folio
1218 1077 1322 1114 inter
1342 1076 1396 1115 56
1417 1078 1458 1116 et
1478 1077 1532 1114 57
1554 1077 1700 1116 amisso

345 1133 460 1172 hodie
485 1133 643 1183 desunt,
667 1134 852 1174 servavit.
885 1134 1042 1174 Desinit
1066 1135 1107 1173 in
1128 1147 1188 1185 ep.
1207 1131 1267 1183 υξ’
1286 1131 1350 1187 (=
1373 1130 1490 1188 923),
1517 1148 1619 1186 quae
1638 1138 1699 1175 est

344 1193 489 1232 ultima
521 1193 698 1244 syllogae
728 1194 873 1244 prioris
905 1193 1051 1233 codicis
1083 1194 1121 1233 S.
1160 1194 1220 1233 De
1252 1207 1310 1244 ep.
1333 1195 1415 1234 501
1450 1197 1491 1233 et
1522 1196 1608 1234 647
1648 1195 1696 1234 cf.

344 1253 449 1291 infra
474 1252 544 1291 sub
570 1266 607 1291 n.
629 1254 726 1292 397.
763 1253 1012 1293 Examinavi.

402 1312 462 1350 Ex
486 1311 561 1351 hoc
585 1312 718 1351 codice
743 1311 966 1363 descriptus
991 1318 1052 1352 est

271 1382 338 1412 5υ6
403 1372 469 1409 57.
485 1371 784 1411 Basileensis
803 1371 1067 1411 bibliothecae
1091 1371 1274 1422 publicae
1300 1372 1332 1410 F
1353 1371 1407 1410 VI
1429 1373 1452 1409 2
1475 1372 1596 1411 chart.
1618 1373 1696 1411 for-

268 1856 331 1886 507

341 1443 428 1469 mae
442 1433 572 1480 quart.
586 1431 678 1469 mai.
693 1443 743 1471 sc.
755 1431 871 1470 XVII
885 1434 1038 1470 exeunt.
1050 1426 1083 1484 ¹)
1097 1430 1163 1470 fol.
1181 1434 1201 1469 1
1213 1452 1261 1458 -
1273 1433 1365 1470 141.
1387 1430 1486 1470 Cum
1499 1431 1695 1471 Vaticano

340 1502 501 1539 prorsus
534 1490 720 1529 convenit
753 1493 915 1541 excepto
947 1490 1055 1541 quod
1087 1489 1242 1530 litteras
1269 1490 1310 1528 in
1335 1490 1405 1528 illo
1428 1503 1500 1540 per
1524 1503 1694 1530 errorem

341 1549 508 1589 iteratas
534 1550 653 1589 semel
678 1549 844 1600 praebet
870 1552 910 1589 et
934 1549 995 1589 bis
1020 1563 1091 1600 per
1116 1562 1287 1588 errorem
1307 1550 1485 1588 ordinem
1505 1551 1694 1599 epistula-

341 1621 431 1646 rum
474 1610 659 1648 mutavit.
705 1608 762 1649 cf.
800 1610 909 1648 infra
944 1609 1019 1648 sub
1056 1622 1093 1647 n.
1127 1610 1224 1648 398.
1270 1608 1486 1658 Postquam
1524 1608 1692 1649 Iacobus

339 1667 546 1719 Machlyus
571 1681 705 1707 meum
729 1670 772 1707 in
797 1681 914 1708 usum
939 1668 1144 1718 excerpsit,
1171 1669 1255 1718 ipse
1281 1670 1515 1707 examinavi.

398 1727 457 1766 Ex
483 1727 620 1766 eodem
649 1740 739 1766 vero
766 1741 845 1778 quo
870 1727 902 1767 S
924 1728 1046 1778 fonte,
1072 1727 1140 1766 sed
1165 1727 1302 1767 ordine
1327 1727 1590 1777 epistularum
1609 1741 1693 1766 mu·

338 1789 423 1825 tato
450 1786 566 1824 fiuxit
592 1788 713 1825 etiam
739 1788 876 1839 ecloga
900 1787 1040 1836 maior,
1065 1798 1184 1837 quam
1210 1786 1375 1837 praebet

397 1846 464 1885 58.
485 1846 788 1886 Basileensis
810 1846 1075 1885 bibliothecae
1094 1843 1277 1896 publicae
1296 1846 1327 1884 F
1342 1845 1442 1884 VIII
1455 1848 1481 1884 4
1503 1840 1567 1899 (=
1581 1841 1693 1896 Bas)

335 1905 458 1945 chart.
484 1906 635 1945 formae
661 1908 736 1944 oct.
762 1906 925 1945 miscell.
951 1918 1004 1945 sc.
1024 1905 1114 1953 XV,
1141 1904 1488 1955 Constantinopoli
1513 1918 1547 1944 a.
1577 1906 1691 1944 1433

334 1964 384 2002 ab
402 1963 580 2003 Ioanne
600 1965 849 2016 Ragusino
866 1965 1061 2004 cardinali
1080 1967 1237 2015 emptus
1251 1967 1291 2003 et
1304 1964 1354 2003 ab
1368 1964 1504 2003 eodem
1524 1976 1558 2003 a.
1576 1965 1689 2003 1443

335 2022 597 2062 bibliothecae
629 2027 898 2065 conventus
924 2024 1324 2063 Praedicatorum
1350 2022 1589 2062 Basileensis
1622 2023 1690 2061 do-

333 2085 450 2121 natus
476 2085 516 2121 et
541 2096 588 2122 ex
616 2084 692 2122 hac
717 2096 752 2122 a.
776 2085 888 2122 1559
923 2084 962 2121 in
997 2083 1278 2122 bibliothecam
1309 2082 1535 2121 academiae
1562 2085 1689 2121 trans-

334 2142 441 2181 latus
451 2137 504 2195 ²),
536 2142 605 2192 qui
636 2144 813 2182 continet
843 2146 934 2193 post
964 2143 1179 2192 Nicephori
1211 2142 1411 2193 Gregorae
1444 2141 1689 2181 Florentium

392 2257 427 2299 1)
454 2255 510 2291 Sc.
532 2255 617 2290 XVI
642 2266 726 2291 eum
751 2256 887 2291 tribuit
912 2255 1126 2298 Omontius,
1155 2255 1354 2291 Centralbl.
1375 2254 1400 2290 f.
1420 2254 1516 2290 BibL
1535 2253 1586 2289 111
1605 2258 1686 2289 417.

389 2305 425 2348 2)
453 2302 643 2346 Strenber,
670 2304 795 2349 Serap.
822 2303 923 2338 XVII
950 2307 1028 2339 129.
1073 2303 1168 2338 Rud.
1196 2303 1308 2346 Beer,
1330 2302 1421 2337 Sert.
1441 2301 1584 2337 Hartel.
1605 2305 1686 2336 270.

330 2349 477 2395 Omont,
504 2349 703 2386 Centralbl.
723 2351 748 2386 f.
769 2350 866 2388 Bibl.
886 2351 936 2386 111
956 2354 1024 2386 402
1044 2363 1079 2385 n.
1095 2354 1150 2387 36.
1179 2350 1302 2386 Verba
1320 2350 1511 2395 Epistolae
1530 2349 1687 2384 Libanii

332 2397 502 2444 G'reyorii
526 2399 760 2434 Nazianzeni
784 2400 952 2434 carmina
979 2399 1043 2435 Gr.
1065 2401 1130 2442 45,
1158 2409 1255 2442 quae
1281 2399 1435 2442 excepto
1460 2407 1614 2432 numero
1639 2399 1685 2430 45

329 2445 368 2480 in
393 2444 518 2481 indice
544 2445 714 2482 codicum
741 2447 942 2483 conventus
969 2457 992 2481 a
1017 2445 1147 2482 Beerio
1174 2449 1242 2479 274
1274 2445 1466 2490 publicato
1497 2444 1686 2489 leguntur,
