1872 2924
338 217 396 258 46
432 214 614 251 LIBANII
639 217 722 259 QUI
746 217 1012 253 FERUNTUR
1040 218 1388 256 CHARACTERES
1413 221 1677 260 EPISTOLICI

398 300 467 344 89.
482 299 871 357 ’Υπομνηστική
912 306 1278 359 Παραγενόμενος
1297 305 1346 348 ἐν
1365 308 1473 364 τῷδε
1489 313 1550 365 τῷ
1570 311 1689 367 τόπῳ

337 364 409 407 καὶ
432 365 730 422 ἀνερευνήσας
754 368 834 410 τὸν
853 369 1116 422 τιμιώτατον
1141 371 1283 424 ἄνδρα
1308 372 1388 414 τὸν
1414 373 1539 415 δεῖνα
1565 373 1690 424 λέξον

338 429 382 481 ἐξ
408 429 516 485 ἐμοῦ
542 434 650 489 τῷδε
674 433 790 475 τάδε.

398 507 467 550 90.
494 512 776 565 Λυπητική.
816 511 1007 566 Σφόδρα
1032 510 1134 554 καθ’
1166 512 1418 568 ὑπερβολὴν
1444 516 1691 570 λελύπηκας

301 589 318 615 ⁵
337 574 439 615 τόδε
464 573 514 616 τὸ
539 580 719 629 πρᾶγμα
745 574 1104 631 διαπραξάμενος.
1149 577 1260 619 ὅθεν
1286 578 1477 634 ἰσχυρῶς
1495 580 1690 637 ἄχθομαι

336 639 448 692 πρὸς
479 636 528 681 σε
555 639 628 681 καὶ
654 641 866 683 δυσίατόν
890 657 990 684 τινα
1015 645 1238 697 λυποῦμαι
1264 644 1419 698 λύπην.
1463 646 1507 686 αἱ
1532 646 1616 698 γὰρ
1644 646 1691 688 ἐκ

337 706 485 759 φίλων
517 705 579 754 εἰς
609 707 769 759 φίλους
794 709 1022 760 γινόμεναι
1050 710 1183 749 λῦπαι
1209 709 1563 764 δυσθεράπευτοι
1590 712 1691 753 λίαν

337 768 609 823 τυγχάνουσι
628 768 701 811 καὶ
720 773 894 825 μείζους
912 779 1002 814 τῶν
1022 772 1197 827 ἐχθρῶν
1216 775 1366 828 ἔχουσι
1384 776 1461 824 τὰς
1478 774 1689 830 ἐπηρείας.

399 845 467 887 91.
497 844 757 902 Ἐρωτική.
795 845 920 902 Ἐρῶ,
956 848 1053 904 ἐρῶ,
1088 850 1143 904 νὴ
1177 852 1283 900 τοὺς
1316 852 1467 906 θεούς,
1501 859 1577 907 τῆς
1612 859 1691 907 σῆς

284 926 319 952 ιο
340 907 588 964 εὐπρεποῦς
612 927 658 954 τε
683 911 755 955 καὶ
782 913 990 968 ἐρωτικῆς
1014 921 1188 970 μορφῆς
1212 914 1284 957 καὶ
1305 915 1419 972 ἐρῶν
1438 917 1520 959 οὐκ
1539 918 1690 973 αἰσχύ-

338 991 483 1030 νομαι.
520 978 568 1019 τὸ
594 978 678 1032 γὰρ
699 978 945 1033 εὐπρεποῦς
964 978 1071 1034 ἐρᾶν
1091 979 1173 1022 οὐκ
1193 981 1388 1037 αἰσχρόν.
1422 983 1461 1024 εἰ
1481 981 1532 1024 δέ
1548 998 1598 1037 γε
1617 982 1690 1025 καὶ

338 1040 485 1092 ψέξειέ
513 1057 579 1092 τις
612 1042 723 1093 ὅλως
755 1043 813 1093 ὡς
839 1043 1022 1098 ἐρῶντα,
1053 1045 1189 1086 πάλιν
1213 1045 1271 1095 ὡς
1296 1049 1430 1100 καλῆς
1456 1046 1691 1102 ἐφιέμενον

339 1105 621 1149 ἐπαινέσειεν.

401 1184 470 1226 92.
499 1185 680 1239 Μικτή.
721 1181 835 1227 Οἶδα
859 1183 941 1239 μὲν
961 1186 1018 1237 ὡς
1037 1186 1227 1241 εὐσεβῶς
1248 1190 1318 1242 ζῆς
1337 1187 1408 1230 καὶ
1429 1197 1596 1242 σεμνῶς
1615 1205 1689 1233 πο·

403 1299 419 1329 1
442 1295 698 1341 ἄπομνηστικὴ
719 1296 795 1331 Har
851 1301 870 1330 2
899 1297 1099 1342 ἐρευνήσας
1126 1298 1243 1333 VHin
1291 1298 1356 1335 τὸν
1381 1301 1488 1336 δεῖνα
1514 1312 1573 1335 0111
1594 1302 1691 1337 ΡαΒ

340 1354 385 1387 pr
405 1342 486 1378 Mor
582 1347 602 1378 3
630 1343 759 1387 ἐξεμοῢ
785 1345 859 1379 AB
908 1345 997 1391 τῷδε
1022 1356 1081 1379 om
1107 1347 1206 1380 PaB
1227 1357 1272 1391 pr
1291 1346 1372 1382 Mor
1419 1347 1508 1382 τάδε
1533 1347 1631 1384 oblit
1665 1349 1698 1382 V

401 1393 423 1424 4
448 1390 629 1435 λυπητική
654 1391 694 1425 in
719 1391 763 1425 lit
788 1392 823 1426 U
867 1393 1157 1438 καθυπερβολὴν
1176 1394 1212 1428 Α
1261 1393 1358 1438 ἡμᾶς
1380 1396 1467 1429 ante
1487 1395 1695 1440 λελύπηκας

341 1438 381 1472 D
394 1436 471 1472 Har
483 1437 558 1472 Her
606 1451 649 1482 με
669 1441 755 1482 post
773 1438 979 1484 λελύπηκας
997 1439 1071 1474 Hin
1086 1439 1168 1474 Wei
1243 1444 1263 1475 6
1283 1442 1344 1476 καὶ
1360 1440 1538 1477 δυσίατόν
1551 1442 1645 1478 oblit
1664 1444 1698 1478 V

400 1485 605 1530 λελύπημαι
630 1485 669 1519 D
685 1485 763 1520 Har
811 1485 909 1520 αἱ-
924 1489 945 1520 8
971 1486 1145 1532 ἐπηρείας
1170 1488 1263 1522 citat
1287 1488 1472 1523 Maximus
1499 1489 1601 1525 Conf.
1622 1490 1691 1525 loe.

341 1543 474 1568 comm.
495 1544 600 1568 serm.
623 1536 655 1573 6,
683 1536 751 1568 550
784 1534 841 1568 ed.
863 1533 988 1569 Comb.
1009 1536 1111 1580 (tom.
1134 1539 1176 1569 91
1205 1535 1273 1571 eol.
1296 1540 1362 1570 764
1388 1536 1542 1582 Migne),
1573 1548 1594 1572 e
1619 1549 1692 1582 quo

341 1580 545 1615 hauserunt
570 1579 742 1615 Michael.
768 1580 935 1625 Apostol.
962 1593 1063 1626 prov,
1089 1583 1115 1616 t.
1141 1582 1158 1616 I
1184 1586 1252 1617 679
1285 1584 1322 1618 et
1346 1584 1529 1619 Antonius
1554 1584 1692 1620 Meliss.

341 1627 398 1663 ed.
425 1627 551 1668 Migne
577 1629 602 1663 t
626 1631 692 1663 136
719 1627 789 1663 col.
810 1631 878 1663 853
978 1633 996 1663 7
1024 1629 1152 1673 φιλίας
1177 1631 1214 1666 Ρ
1257 1632 1371 1666 λῦπαι
1396 1642 1456 1666 om
1482 1632 1564 1667 PH
1607 1630 1692 1667 λίαν

339 1685 399 1709 om
425 1674 543 1710 VHin
640 1678 660 1709 8
687 1675 934 1720 τυγχάνουσιν
954 1677 990 1711 Α
1040 1675 1063 1721 ἢ
1090 1678 1176 1711 ante
1195 1683 1270 1713 τῶν
1288 1678 1526 1713 inserendum
1545 1679 1694 1714 videtur

385 1727 460 1757 τῶν
479 1733 540 1757 om
567 1723 598 1758 V
645 1722 682 1765 ἐξ
703 1725 789 1758 ante
808 1724 955 1768 ἐχθρῶν
975 1723 1049 1758 Hin
1061 1724 1145 1759 Wei
1195 1731 1270 1768 ρῶν
1290 1725 1413 1772 ἔχουσι
1431 1725 1497 1766 τὰς
1516 1724 1692 1772 ἐπηρείας

338 1769 434 1804 oblit
460 1770 495 1805 V
587 1773 607 1804 9
640 1771 709 1814 ἐρῶ
742 1771 836 1814 ἐρῶν
869 1771 905 1806 U
948 1771 994 1816 νὴ
1027 1783 1046 1805 e
1073 1777 1142 1807 νῦν
1169 1773 1307 1808 coer
1355 1773 1442 1814 τοὺς
1442 1773 1597 1854 τὸιθεούς]
1622 1773 1690 1819 τὴν

339 1852 523 1896 ἀλήθειαν
545 1853 581 1887 Β
595 1864 640 1898 pr
653 1852 734 1887 Mor
757 1852 826 1898 τὴν
850 1852 964 1898 θέμιν
983 1854 1064 1889 ΡΗ
1075 1854 1161 1889 Wes
1174 1854 1250 1890 Her
1348 1859 1388 1890 11
1417 1862 1482 1891 τοῦ
1503 1857 1599 1891 ΡαΒ
1623 1862 1690 1891 τοῦ

337 1946 382 1979 pr
395 1934 476 1969 Mor
525 1913 736 1991 εὐπρεποῦσ
754 1937 814 1970 Pa
836 1936 1031 1980 εὐπρεπῶν
1052 1937 1210 1972 ADPH
1225 1937 1302 1972 Her
1349 1938 1439 1982 ἐρᾶν
1462 1938 1557 1974 oblit
1578 1939 1613 1974 V
1627 1939 1690 1974 ἀν-

564 1981 616 2009 αἰσ
618 1982 754 2030 χὺιομαι

338 2016 427 2060 δρὸς
451 2018 511 2053 Ρα
583 1991 736 2063 αἰσχρὸν
763 2019 822 2053 Ρα
895 2022 936 2053 11
952 2031 992 2063 γε
1012 2030 1072 2054 om
1087 2021 1122 2054 B
1141 2031 1186 2064 pr
1233 2021 1297 2055 καὶ
1317 2032 1376 2056 om
1390 2021 1471 2056 Mor
1494 2021 1534 2056 τὸ
1550 2022 1644 2066 Bpr

340 2069 383 2098 12
414 2064 536 2109 ψέξοιε
562 2066 602 2100 D
620 2066 692 2100 Har
740 2064 832 2106 ολως
856 2076 916 2100 om
936 2067 1032 2101 PaB
1045 2078 1090 2111 pr
1102 2067 1182 2102 Mor
1229 2068 1335 2112 ὡς(1)
1355 2079 1415 2103 om
1434 2068 1562 2103 DHar
1619 2069 1690 2103 πά-

337 2114 399 2147 λαι
424 2113 459 2148 V
503 2114 619 2148 καλοῦ
643 2114 741 2148 ΡαΒ
753 2125 798 2158 pr
810 2113 891 2147 Mor
990 2118 1033 2148 13
1060 2112 1263 2150 ἐπαινέσειε
1283 2116 1380 2160 Dpr
1400 2115 1587 2151 ἐπαινέσει
1606 2115 1690 2150 coni

337 2159 414 2194 Her
463 2159 511 2194 ἄν
536 2161 622 2205 post
648 2160 877 2196 ἐπαινέσειεν
903 2160 1004 2195 inser
1028 2160 1102 2196 Hin
1118 2161 1201 2196 Wei
1299 2167 1342 2196 14
1369 2162 1537 2207 ἐπιστολὴ
1562 2163 1689 2208 μικτὴ·

337 2206 446 2266 μικτὴ
477 2205 619 2252 λέγεται
645 2207 710 2242 διὰ
735 2206 776 2243 τὸ
802 2208 843 2243 ἐκ
869 2206 1063 2253 διαφόρων
1087 2209 1332 2254 χαρακτήρων
1358 2209 1580 2245 συνεστάναι
1613 2210 1646 2246 U

341 2251 439 2289 Οἶδα
460 2275 503 2280 -
524 2266 559 2299 p.
571 2258 628 2298 47,
644 2260 664 2289 5
703 2254 869 2300 ἁρμόζει]
907 2255 929 2300 ὴ
962 2255 1015 2300 (in
1047 2255 1106 2290 lac
1137 2267 1196 2291 om
1222 2257 1294 2300 Pa)
1325 2257 1392 2302 μὲν
1424 2256 1590 2302 διαγωγή
1622 2268 1689 2292 σου

338 2300 468 2359 αρίστη
502 2301 542 2337 τέ
574 2302 649 2337 ἐστι
686 2304 750 2338 καὶ
789 2302 1010 2346 φιλοσόφοις
1047 2303 1201 2346 μάλιστα
1238 2303 1449 2347 πρέπουσα,
1488 2302 1690 2349 σωφρόνως

339 2350 410 2393 2029
450 2349 514 2384 καὶ
551 2349 748 2394 ἀμέμπτως
784 2352 850 2395 ζῆν
887 2348 1108 2391 σπουδάζεις
1143 2349 1310 2410 ὑποδέχῃ
1346 2351 1526 2398 (ἀποδέχῃ
1564 2352 1613 2396 Β)
1650 2365 1689 2387 τε

339 2396 468 2439 ξένους
500 2396 564 2431 καὶ
597 2396 787 2440 δεομένοις
818 2397 1028 2440 ἐπικουρεῖς
1058 2398 1121 2432 καὶ
1147 2397 1268 2442 ὀρθὰς
1289 2398 1356 2439 τὰς
1379 2399 1589 2443 ἀποφάσεις
1612 2404 1690 2438 τοῖς

338 2443 573 2488 κρινομένοις
605 2443 773 2489 ἐκφέρεις
804 2443 990 2489 (ἐκφέροις
1016 2445 1131 2489 ΡαΒ)
1163 2444 1393 2485 ἀδεκάστους
1416 2444 1526 2486 δίκας
1557 2446 1686 2481 ποιοί-
