1872 2924
325 207 375 244 IV
866 208 1142 245 PRAEFATIO

324 310 402 336 uno
435 309 597 335 numero
630 299 821 346 superant
851 299 968 336 notas
993 299 1085 347 post
1110 299 1429 348 supplementum
1454 299 1679 351 inscriptas,

324 370 382 396 ex,
403 369 460 408 gr.
486 356 554 394 fol.
578 357 683 394 198v
707 354 768 395 κδ’
793 369 914 394 manu
940 369 1036 406 ree,
1060 354 1115 396 κε’
1146 371 1196 395 m.
1222 359 1441 398 vetustiore
1465 360 1615 409 legitur
1640 363 1680 400 et

324 417 383 454 ita
408 428 547 467 porro,
573 415 639 454 sed
665 428 708 454 re
734 428 830 454 vera
854 417 1009 454 numeri
1035 417 1279 467 antiquiores
1304 418 1499 456 inmutati*
1519 419 1680 458 fuerunt

324 470 452 525 (quod
477 487 605 524 neque
633 475 816 514 Foerster
846 487 975 525 neque
1002 475 1219 515 Franchius
1245 473 1525 530 observarunt)
1558 481 1679 528 atque

325 535 392 572 fol.
415 534 499 572 195
525 546 683 572 cernere
709 536 770 572 est
793 531 867 583 κδ’,
898 546 976 573 non
1001 531 1055 573 κε’
1088 534 1215 584 primo
1247 535 1452 585 scriptum,
1484 537 1551 577 fol.
1574 539 1680 577 228⁹

324 590 401 645 κη’,
426 606 506 632 non
530 589 611 642 κθ’,
635 593 705 632 fol.
726 594 833 632 236Υ
857 595 879 632 λ
903 593 943 631 in
969 606 1045 632 ras.
1083 594 1172 632 Duo
1197 594 1381 633 Foerster
1408 608 1487 634 non
1513 609 1678 636 comme-

325 654 475 691 morat:
502 652 623 691 indici
648 653 823 703 praefixo
849 648 935 705 (fol.
959 654 1107 704 1.—6²)
1134 653 1353 693 subiectam
1379 667 1463 693 esse
1484 667 1679 695 summam

324 713 388 750 vel
407 714 637 762 computum
658 713 922 762 epistularum
941 713 1215 751 universarum
1236 710 1290 765 (ὅς
1313 708 1378 766 (=
1399 709 1519 767 ὁμοῦ)
1542 714 1679 766 ‘ecqud'

326 767 505 822 (litterae
537 784 660 822 prope
693 767 961 823 evanuerunt)
993 774 1034 810 et
1065 773 1238 811 codicem
1264 785 1315 811 sc.
1336 773 1431 812 XIV
1456 773 1576 813 fuisse
1606 776 1680 814 De—

324 831 457 869 metrii
486 829 674 881 Cydonii3
699 831 748 870 cf.
771 830 897 870 Catal.
922 845 960 881 p.
981 831 1107 869 XXII.
1139 853 1195 858 —
1227 831 1332 869 Num
1358 832 1543 871 Foerster
1573 836 1679 873 recte

325 902 377 929 sc.
397 889 497 928 XIV¹
516 890 706 928 tribuerit
730 891 1008 941 supplementa
1031 891 1123 929 inde
1149 904 1174 929 a
1197 891 1265 930 fol.
1289 892 1342 929 97
1369 904 1494 941 usque
1520 893 1570 930 ad
1593 895 1677 932 429

326 949 466 988 addita
498 962 600 999 quae
624 949 731 988 infra
755 963 793 1000 p.
816 950 870 991 55
898 953 1127 988 enumerata
1154 955 1247 990 sunt
1272 953 1311 988 et
1340 963 1360 988 e
1385 951 1531 1000 quibus
1556 952 1678 991 Fran-

326 1009 438 1048 ohius
463 1009 531 1047 fol.
554 1009 636 1047 162
669 1011 711 1048 et
739 1011 821 1048 176
858 1010 1009 1058 omisit,
1041 1009 1156 1048 valde
1188 1009 1338 1048 dubito.
1378 1010 1595 1050 Franchius
1627 1025 1678 1051 sc.

325 1068 403 1107 XII
427 1068 501 1106 illa
525 1067 682 1117 tribuit,
706 1069 838 1107 minus
865 1069 1030 1117 absone,
1054 1070 1133 1107 nisi
1157 1069 1295 1118 fallor,
1321 1069 1356 1107 si
1381 1068 1499 1116 πίναξ
1524 1083 1575 1109 se.
1601 1072 1680 1110 XII

326 1129 367 1165 et
390 1128 476 1177 ipse
501 1130 562 1167 est
593 1123 721 1181 (quod
747 1128 931 1167 Foerster
955 1141 991 1178 p.
1015 1128 1070 1166 54
1097 1128 1226 1166 dicere
1252 1123 1467 1182 videtur).“

387 1222 540 1260 Dabam
555 1222 824 1262 Vratislaviae
844 1222 909 1262 die
920 1222 1016 1261 XXI
1035 1224 1182 1262 mensis
1202 1223 1293 1261 Dec.
1306 1223 1403 1260 anni
1420 1225 1678 1266 MGMXXVI.

1058 1324 1336 1370 Eberhardus
1361 1324 1621 1381 Richtsteig.
