1872 2924
820 618 875 662 ΙΙ.

215 718 701 770 PROLEGOMENA
724 718 811 767 AD
837 717 1086 766 LIBANII
1111 717 1475 766 EPISTULAS.

741 826 804 867 Ca
845 830 897 867 ut
925 827 955 866 Ι.

237 909 315 953 ΒΕ
342 907 643 953 EPISTULIS
671 841 954 951 CORPPORIS
981 907 1056 950 ΕΤ
1082 906 1455 951 ECLOGARUM.

444 1009 474 1048 Ι.
501 1009 574 1048 DE
602 1007 845 1048 CORPORE
872 1007 1265 1047 EPISTULARUM.

169 1090 199 1146 5
225 1089 264 1134 l.
296 1089 358 1133 De
383 1089 653 1134 adversariis
672 1088 846 1192 Libanlili
871 1087 917 1159 et
940 1088 1096 1146 primis
1122 1087 1216 1132 eius
1242 1087 1531 1147 epistularum

753 1161 799 1204 sy
842 1160 952 1205 ogis.

228 1236 432 1287 Libanius,
458 1241 506 1276 ut
531 1238 662 1276 annal.
684 1237 873 1276 Fleckeis.
903 1237 1029 1285 1876,
1057 1238 1138 1276 491
1169 1237 1318 1285 monui,
1342 1249 1422 1276 non
1447 1236 1532 1286 ipse

166 1297 443 1337 collectionem
462 1297 526 1336 vel
545 1297 799 1336 collectiones
819 1296 1083 1347 epistularum
1104 1296 1240 1335 edidit.
1266 1296 1425 1335 Iuliano
1439 1297 1531 1335 vivo

168 1371 258 1396 eum
277 1357 319 1396 id
337 1357 478 1397 fecisse
498 1357 634 1408 opinio
654 1359 739 1396 erat
754 1356 909 1396 Seeckii
920 1353 965 1410 ¹).
997 1355 1054 1395 At
1073 1356 1107 1395 si
1119 1356 1242 1396 talem
1256 1356 1531 1396 collectionem

171 1417 339 1467 Iuliano,
357 1419 404 1455 ut
422 1417 490 1456 ille
503 1419 634 1468 putat,
654 1415 887 1466 dedicasset,
901 1418 995 1455 ante
1009 1428 1144 1455 omnes
1158 1415 1350 1466 epistulas
1364 1415 1417 1455 ad
1428 1415 1533 1455 hunc

167 1478 300 1526 ipsum
314 1477 484 1527 scriptas
496 1478 672 1527 recipere
686 1475 834 1515 debuit.
862 1475 939 1515 Sed
953 1476 1025 1516 has
1036 1488 1084 1514 ne
1094 1478 1252 1515 mortuo
1265 1475 1426 1526 quidem
1434 1474 1530 1514 Iuli·

166 1549 244 1576 ano
263 1536 306 1575 in
325 1536 529 1586 publicum
545 1536 716 1587 prodiise
731 1537 915 1586 sequitur
928 1548 974 1573 ex
988 1548 1047 1586 ep.
1066 1536 1178 1575 1264
1195 1530 1272 1588 (XI
1287 1536 1427 1584 3425»
1442 1530 1532 1589 sq.).

169 1595 215 1635 In
240 1596 481 1635 adversariis
506 1608 600 1635 vero
626 1595 851 1646 relinquere
877 1595 1072 1646 epistulas
1090 1596 1315 1644 consuevit,
1341 1596 1454 1634 cuius
1473 1595 1533 1634 rei

166 1657 290 1696 testes
315 1658 409 1695 sunt
433 1668 493 1706 ep.
523 1656 636 1696 1307
665 1650 741 1709 (ΧῙ
769 1657 867 1705 371,
894 1656 918 1693 6
940 1649 1075 1709 sq.)²),
1102 1655 1157 1694 88
1186 1655 1241 1708 <X
1268 1655 1336 1704 88,
1364 1655 1420 1694 20
1440 1649 1532 1709 sq.),

167 1716 254 1755 933
269 1710 346 1770 (XI
363 1717 431 1765 78,
443 1711 499 1769 8).
527 1716 582 1754 At
595 1715 636 1754 id
651 1728 728 1754 non
748 1728 817 1766 per
826 1717 957 1754 totam
972 1716 1097 1754 vitam
1112 1715 1242 1754 facere
1261 1727 1350 1754 eum
1370 1726 1533 1754 consue-

171 1776 283 1825 visse,
309 1775 379 1814 sed
404 1775 454 1814 ab
481 1789 526 1814 eo
554 1778 711 1814 tantum
732 1778 911 1825 tempore
931 1787 1010 1824 quo
1030 1775 1224 1825 ampliore
1244 1787 1335 1813 cum
1354 1775 1533 1824 complu-

167 1835 279 1874 ribus
308 1835 405 1874 viris
431 1835 656 1874 litterarum
683 1836 919 1874 commercio
945 1846 1041 1874 usus
1067 1837 1141 1883 est,
1172 1847 1262 1873 cum
1287 1847 1358 1884 per
1382 1846 1424 1873 se
1450 1835 1533 1873 veri

168 1894 297 1933 simile
324 1897 384 1934 est
409 1897 497 1933 tum
517 1895 608 1933 inde
630 1895 812 1945 sequitur
830 1894 940 1945 quod
959 1907 1006 1932 ex
1025 1894 1298 1933 adulescentia
1317 1893 1433 1933 nulla
1452 1895 1534 1944 epi·

167 1954 275 1994 stula
300 1958 462 1994 servata
481 1958 552 1994 est.
593 1953 670 1992 Sed
691 1967 739 1993 ne
760 1967 805 1991 cx
826 1954 918 1993 aliis
939 1953 1100 2004 quidem
1119 1955 1228 1992 vitae
1248 1953 1431 2005 partibus
1450 1955 1534 2004 epi-

166 2014 297 2054 stulae
317 2016 466 2053 extant.
500 2014 532 2052 E
554 2015 696 2064 quinta
714 2013 864 2053 saeculi
884 2013 941 2052 IV
961 2013 1107 2052 decade
1126 2013 1287 2052 litterae
1305 2014 1533 2053 rarissimae

166 2076 273 2123 sunt,
305 2086 326 2112 e
359 2074 491 2124 priore
523 2075 638 2124 parte
670 2073 837 2112 dimidia
868 2075 1003 2112 sextae
1036 2073 1196 2111 decadis
1227 2085 1352 2111 iai-ae.
1396 2073 1533 2125 Longe

170 2133 357 2184 pleraque
390 2145 483 2184 pars
517 2133 692 2172 omnium
726 2133 952 2172 litterarum
984 2134 1045 2171 est
1073 2145 1268 2171 annorum
1296 2133 1380 2172 355
1407 2144 1533 2183 usque

232 2251 263 2290 1)
291 2247 361 2283 Die
387 2247 511 2283 Briel'e
537 2247 604 2283 des
631 2246 811 2282 Libanius
838 2251 893 2283 223.
936 2247 1028 2282 Eum
1054 2247 1294 2293 impugnavit
1319 2246 1486 2282 Silomon
1516 2251 1530 2282 1

168 2306 224 2340 sq.
246 2298 290 2330 24
301 2306 356 2340 sq.
378 2306 462 2331 cum
487 2296 624 2331 eventu
643 2299 757 2330 certo.
797 2294 892 2330 Nam
913 2295 990 2330 iam
1010 2294 1257 2341 epistularum
1277 2294 1368 2331 ordo
1388 2305 1536 2340 perver-

168 2354 232 2378 sus
257 2342 462 2378 Libanium
487 2343 671 2379 editorem
697 2341 877 2379 excludit.

230 2393 268 2436 2)
293 2391 389 2426 Ann.
411 2390 591 2426 Fleckeis.
612 2390 636 2426 l.
657 2389 682 2425 l.
703 2393 783 2426 491.
824 2390 882 2425 Ad
908 2390 1005 2426 banc
1031 2390 1232 2436 epistulam
1260 2391 1334 2426 iam
1360 2389 1535 2427 Reiskius

169 2438 384 2522 adnogavit:
413 2439 518 2484 Erqo
541 2438 710 2475 servabat
737 2438 781 2474 L.
807 2438 972 2484 exempla
997 2438 1187 2475 literarum
1213 2449 1308 2484 quas
1331 2438 1383 2475 ad
1400 2439 1539 2475 ann‘cos

170 2486 268 2522 mitte
293 2490 343 2522 at.
