1872 2924
175 213 359 252 uatum
383 213 464 258 Qul
490 212 758 250 FERUNTUR
782 211 1135 249 CHARACTERES
1159 211 1421 250 EPISTOLICI
1459 213 1517 256 35

151 299 343 356 μέγεθος
376 306 452 355 τῆς
487 298 721 354 ἐπιστολῆς
754 298 814 349 ὡς
846 298 959 354 πρὸς
991 298 1045 341 τὰ
1075 298 1324 354 πράγματα,
1357 299 1430 342 καὶ
1463 299 1518 342 οὐ

152 366 329 417 πάντως
347 365 398 409 τὸ
415 368 590 419 πλῆθος
608 364 811 418 καθάπερ
824 366 986 407 κακίαν
999 363 1224 419 ἀτιμάζειν
1235 364 1387 418 καλόν,
1406 362 1518 407 ἀλλὰ

154 432 225 476 δεῖ
260 432 338 474 καί
371 446 498 480 τινας
535 428 768 480 ἐπιστολὰς
805 428 1112 485 ἀπομηκύνειν
1147 428 1198 472 ἐν
1234 434 1373 488 καιρῷ
1406 432 1519 485 πρὸς

153 497 236 552 τὴν
266 495 546 540 ἀπαιτοῦσαν
571 497 735 552 χρείαν,
767 495 991 551 πληρώσει
1017 492 1066 538 δὲ
1091 495 1173 550 τὴν
1197 497 1261 546 εἰς
1287 494 1520 547 ἐπιστολὰς

154 562 286 619 χάριν
319 562 527 618 ἱστοριῶν
557 576 602 604 τε
628 559 701 604 καὶ
727 561 890 616 μύθων
913 562 1062 616 μνήμη
1088 560 1159 603 καὶ
1185 564 1387 604 παλαιῶν
1412 573 1518 617 συγ-
1555 579 1571 605 ο

155 625 424 684 γραμμάτων
442 627 515 670 καὶ
533 634 786 682 παροιμιῶν
805 625 1027 682 εὐστόχων
1046 625 1119 669 καὶ
1135 629 1402 683 φιλοσόφων
1420 628 1520 682 δογ-

154 693 307 747 μάτων
336 698 510 749 χρῆσις,
542 692 598 735 οὐ
623 691 774 747 μέντοι
807 707 858 747 γε
882 692 1049 747 ταύτην
1075 692 1359 743 διαλεκτικῶς
1383 704 1519 746 προσ-

156 773 325 802 ακτεον.

216 824 287 867 51.
315 825 518 867 Τοσαῦτα
535 820 620 879 μὲν
637 821 738 879 περὶ
760 821 1095 878 ἐπιστολιμαίου
1114 829 1388 879 χαρακτῆρος
1403 825 1518 880 εἰρη-

157 890 246 940 κὼς
269 888 341 932 καὶ
368 897 461 939 τοῖς
487 891 715 945 λεχθεῖσιν
741 888 975 943 ἀρκεῖσθαι
1003 888 1158 944 κρίνας
1183 891 1288 939 τοὺς
1308 891 1522 940 συνετοὺς
1542 901 1576 927 ¹⁰

156 954 473 1010 ὑπογράψομαι
498 954 573 997 καὶ
598 954 674 1005 τὰς
700 952 934 1005 ἐπιστολὰς
957 954 1116 1011 ἑκάστῃ
1137 954 1308 998 οἰκείαν
1327 955 1523 1012 ἁρμόσας

158 1021 473 1077 προσηγορίαν.
516 1022 727 1076 προσήκει
757 1019 910 1074 μέντοι
942 1023 1004 1078 τῷ
1037 1021 1232 1076 γράφειν
1261 1021 1522 1079 βουλομένῳ

158 1086 271 1141 πρὸς
303 1091 384 1128 τοῦ
417 1086 527 1128 κατὰ
559 1086 642 1140 τὴν
676 1083 936 1129 ἐπίσταλσιν
969 1092 1243 1142 χαρακτῆρος
1275 1089 1334 1143 μὴ
1371 1089 1523 1143 ληρεῖν

159 1151 267 1206 μήτε
296 1151 385 1206 μὴν
417 1149 641 1202 ἐπιθέτοις
672 1151 859 1207 ὀνόμασι
891 1154 1108 1207 χρῆσθαι,
1140 1151 1197 1202 ὡς
1223 1150 1280 1195 ἂν
1303 1154 1363 1209 μὴ
1394 1155 1522 1196 κολα-

160 1218 257 1259 κειά
287 1231 355 1266 τις
385 1215 457 1259 καὶ
485 1215 723 1271 δυσγένεια
748 1223 892 1273 προσῇ
917 1221 977 1275 τῷ
998 1217 1234 1271 γράμματι,
1258 1215 1352 1261 ἀλλ’
1384 1218 1523 1269 οὕτως
1546 1229 1578 1255 1⁶

161 1280 460 1337 ἀπάρχεσθαι·
473 1281 497 1324 ὁ
511 1282 662 1324 δεῖνα
680 1287 748 1340 τῷ
769 1282 907 1325 δεῖνι
924 1284 1142 1338 χαίρειν.
1156 1282 1273 1326 οὕτω
1287 1283 1371 1339 γὰρ
1385 1284 1523 1327 ἅπαν-

161 1362 231 1397 τες
250 1347 299 1390 oc
315 1345 385 1390 ἐπὶ
405 1349 544 1404 σοφίᾳ
562 1362 610 1390 τε
627 1346 701 1390 καὶ
722 1348 871 1403 λόγοις
891 1346 1214 1404 διαπρέψαντες
1228 1347 1407 1392 παλαιοὶ
1422 1351 1526 1404 φαί-

164 1427 318 1455 νονται
344 1415 631 1468 πεποιηκότες
656 1412 730 1455 καὶ
755 1416 824 1456 δεῖ
849 1414 928 1457 τὸν
949 1412 1132 1456 ἐκείνων
1153 1414 1348 1470 ζηλωτὴν
1365 1415 1525 1469 βουλό-

227 1516 243 1547 1
273 1512 405 1547 Liban.
421 1523 476 1558 ep,
494 1516 560 1548 561
584 1512 629 1555 (X
642 1516 725 1557 527,
741 1514 799 1558 10)
874 1517 895 1548 5
917 1514 1026 1560 Greg.
1042 1512 1132 1549 Naz.
1148 1523 1205 1559 ep.
1221 1517 1265 1548 51
1330 1517 1373 1549 17
1394 1514 1526 1550 Liban.

163 1571 222 1605 ep.
244 1563 335 1595 1034
363 1559 409 1605 (X
433 1565 513 1605 159,
535 1562 593 1604 11)

228 1647 245 1678 1
275 1644 325 1685 ὡς
350 1655 410 1679 om
430 1645 512 1680 PH
535 1643 623 1680 ἔστω
650 1645 734 1680 coni
753 1643 844 1679 Wes
870 1644 968 1681 ἔσται
994 1644 1147 1690 Kayser,
1171 1644 1431 1692 πρόσταγμάτε
1459 1645 1534 1683 VU

228 1694 249 1726 8
276 1691 471 1733 ἐπιστολάς
497 1706 601 1733 τινας
627 1692 662 1728 U
705 1693 825 1738 τινας]
857 1706 891 1728 τι
916 1692 983 1733 τὰς
1009 1691 1184 1728 Duebner
1231 1692 1276 1735 ἃς
1302 1692 1323 1730 ὁ
1346 1695 1527 1739 μηκύνειν

173 1738 208 1775 U
230 1738 280 1780 ὡς
304 1740 484 1785 μηκύνειν
510 1739 699 1784 (μυκένειν
719 1741 755 1776 Β
769 1744 826 1785 pr)
847 1740 946 1778 PaB
959 1740 1084 1785 prMor
1131 1741 1197 1776 καὶ
1222 1743 1309 1786 post
1332 1743 1452 1796 καιρῷ
1469 1742 1529 1778 Pa

226 1784 269 1822 τὸ
294 1788 380 1832 post
403 1784 498 1831 πρὸς
518 1788 596 1823 PH
692 1791 713 1822 4
739 1791 877 1831 πληρῶι
891 1787 931 1823 αι’
952 1787 1032 1824 PH
1076 1787 1118 1824 δὲ
1138 1789 1270 1834 scripsi
1291 1800 1374 1824 cum
1395 1788 1468 1824 Hm
1488 1802 1528 1824 τε

165 1832 253 1869 libri
284 1834 358 1869 edd
408 1840 474 1880 τῆς
505 1835 578 1871 ΡΗ
625 1835 679 1876 εἰς
708 1834 905 1877 ἐπιστολὰς
935 1835 1063 1882 χάριν]
1095 1834 1164 1881 τὴν
1195 1837 1390 1882 ἐπιστολὴν
1420 1835 1531 1883 χάρις

167 1881 264 1917 Pal}
276 1882 405 1927 prMor
415 1883 502 1918 Wee
511 1882 587 1918 Her
640 1887 661 1918 ὁ
674 1895 713 1918 τε
727 1894 785 1918 om
805 1883 900 1919 PaB
914 1895 958 1928 pr
972 1883 1052 1918 Mor
1062 1882 1149 1919 Wes
1159 1883 1235 1920 Her
1283 1888 1303 1919 6
1319 1885 1361 1920 εὐ
1376 1911 1528 1921 .......

167 1928 387 1974 φιλοσόφων
412 1930 446 1964 V
541 1934 561 1965 7
588 1930 737 1976 χρήσεις
762 1930 861 1974 libri,
888 1930 954 1966 sed
980 1944 1012 1967 ει
1037 1942 1152 1976 supra
1171 1944 1185 1966 ι
1205 1932 1262 1967 Pa
1274 1943 1320 1978 pr
1333 1932 1414 1968 Mor
1461 1932 1529 1968 αὐ-

166 1976 235 2022 τὴν
260 1977 341 2013 PH
385 1976 610 2022 προσεκτέον
646 1978 718 2015 VU
738 1977 1007 2022 προσενεκτέον
1032 1978 1111 2014 PH
1124 1979 1211 2015 Wes
1232 1980 1307 2014 Her
1403 1983 1425 2015 9
1450 1981 1529 2016 ἑπι-

167 2023 382 2069 στολιμαίου
409 2030 644 2070 χαρακτῆρος
669 2037 783 2071 supra
807 2025 1093 2071 ἐπιστολιμαιων
1112 2028 1359 2074 χαρακτήρων
1379 2028 1439 2064 Pa

171 2075 212 2106 11
241 2070 460 2118 ὁπέγραψαι
495 2073 528 2108 V
555 2074 779 2120 ὑπογράψαι
812 2074 846 2110 U
868 2074 1133 2120 ὑπογράψαιμι
1159 2075 1256 2111 ΡιιΒ
1274 2086 1320 2120 pr
1338 2075 1421 2111 Mor
1443 2075 1530 2112 We·

168 2118 233 2164 qni
247 2119 380 2155 adnot:
401 2121 510 2165 „fort
526 2121 632 2157 scrib.
647 2121 857 2166 ὑπογράψω
878 2132 947 2166 σοι,
966 2124 1041 2159 m'si
1058 2126 1222 2168 praestat
1235 2123 1530 2169 ·1‘moypdwoum“

168 2177 230 2201 om
256 2167 421 2203 PHHer
445 2168 518 2203 ὑπο
544 2168 667 2214 ράψαι
693 2169 933 2216 (βούλομαι)
961 2168 1035 2205 Hin
1061 2182 1095 2216 p.
1118 2173 1189 2204 540
1237 2170 1354 2212 αὐτὰς
1376 2169 1527 2215 ἐκθήσω

168 2215 256 2259 pont
285 2214 478 2256 ἐπιστολὰς
539 2227 579 2251 er
639 2216 798 2262 ἑκάστην
818 2216 907 2252 We·
926 2215 1004 2253 Her
1064 2216 1190 2253 οἰκίαν
1209 2218 1269 2254 Ρα
1317 2217 1459 2260 οἰκείας
1490 2219 1530 2254 et

168 2261 419 2307 προσηγορίας
433 2262 513 2299 PH
528 2261 650 2313 οἰκείᾳ
668 2266 707 2299 et
725 2263 956 2312 προσηγορίᾳ
977 2264 1065 2301 Wes
1081 2264 1156 2300 Her
1222 2268 1264 2301 18
1284 2265 1374 2310 πρὸς
1396 2266 1530 2311 scripsi

168 2308 243 2353 πρὸ
269 2308 356 2344 libri
381 2310 454 2345 edd
504 2310 572 2356 τὴν
597 2322 659 2347 om
682 2311 759 2347 PH
775 2311 862 2347 Wes
880 2312 952 2347 Her
999 2312 1197 2358 ἐπιστολὴν
1223 2314 1316 2360 Bpr
1332 2314 1410 2349 Mor
1426 2314 1527 2350 Bois-

170 2366 248 2392 σοι).
271 2355 365 2392 Phil.
391 2368 476 2403 epp.
496 2362 541 2393 53
659 2363 703 2394 14
728 2358 834 2406 μήτε]
860 2360 927 2405 μὲν
954 2361 988 2396 Β
1014 2372 1104 2396 num
1123 2362 1242 2407 μηδὲἳ
1314 2360 1528 2407 χρήσασθαι

178 2403 251 2440 VU
260 2403 335 2439 Hin
434 2409 476 2441 16
496 2404 698 2442 δυσπένεια
718 2407 797 2442 PH
855 2407 949 2453 πρὸς
973 2404 997 2452 ἦ
1025 2408 1059 2445 U
1153 2412 1197 2444 18
1215 2408 1280 2445 τὸν
1301 2408 1529 2456 βουλόμενον

171 2446 324 2488 ἐκείνων
350 2452 512 2498 ζηλωτὴν
538 2453 619 2489 PH
631 2453 717 2494 Wes
734 2454 808 2490 Her
