1858 2912
669 576 1047 627 PRAEFATIO.

232 694 295 733 En
318 693 440 734 habes
466 694 654 733 editionis
672 692 835 733 Libanii
859 705 1022 743 operum
1048 694 1206 732 tomum
1223 704 1386 741 nonum,
1410 693 1537 732 totius

173 753 290 793 seriei
331 753 532 794 ultimum.
582 753 708 794 Cuius
751 753 853 792 liber
893 765 1017 792 manu
1060 752 1233 803 scriptus
1277 764 1302 791 a
1337 751 1538 791 Richardo

173 813 358 853 Foerster
387 815 434 853 ut
462 812 759 864 imprimeretur
789 812 1044 865 typographo
1075 812 1218 852 missus
1249 814 1342 862 post
1373 810 1538 851 editoris

173 875 345 912 mortem
376 873 475 912 mihi
505 873 680 913 traditus
711 875 789 923 est,
819 879 869 912 ut
897 872 1153 912 retractando
1184 884 1276 910 eum
1299 871 1342 910 in
1367 871 1539 910 formam

175 945 299 983 quam
330 932 607 972 brevissimam
638 945 833 985 cogerem.
870 932 987 979 Quod
1012 945 1156 972 novem
1180 931 1376 970 mensium
1402 929 1540 971 labore

175 992 263 1032 feci.
301 991 422 1032 Liber
446 1005 540 1033 vero
563 993 707 1044 plenus
732 993 933 1032 Foersteri
963 992 1069 1031 inter
1093 991 1218 1032 libros
1243 991 1539 1041 manuscriptos

175 1051 439 1092 bibliothecae
471 1052 757 1092 Universitatis
791 1052 1121 1092 Vratislaviensis
1154 1051 1384 1102 recipietur.
1439 1049 1539 1089 Cha-

175 1114 348 1151 racteres
380 1112 624 1163 epistolicos‚
659 1124 758 1163 quos
788 1112 975 1152 Foerster
1003 1112 1298 1163 prolegomenis
1332 1109 1542 1150 succedere

177 1167 379 1222 voluerat,
411 1185 503 1224 ego,
533 1186 584 1212 ne
615 1185 751 1212 eorum
784 1185 874 1212 cum
904 1173 1026 1211 tomis
1057 1170 1315 1222 sequentibus
1343 1182 1541 1210 connexus

177 1231 531 1281 intermitteretur,
555 1232 619 1271 his
644 1232 866 1283 anteposui.
898 1231 1067 1271 Numeri
1092 1231 1272 1270 codicum
1297 1229 1541 1281 marginales

178 1291 284 1330 sicut
314 1291 355 1329 in
381 1292 501 1331 tomis
526 1292 728 1342 prioribus
752 1292 846 1331 inde
872 1304 896 1331 a
916 1293 1002 1331 415
1030 1291 1158 1330 additi
1178 1293 1284 1330 sunt.
1324 1290 1542 1340 Exspectas

179 1361 274 1388 sane
300 1350 428 1400 primo
454 1350 581 1391 codici
599 1365 807 1391 numerum
827 1353 914 1391 414
933 1350 1070 1400 tribui,
1095 1350 1164 1390 sed
1189 1364 1294 1389 num.
1314 1351 1399 1389 140
1418 1349 1543 1401 deest,

180 1408 333 1449 codices
367 1410 542 1450 numeris
566 1413 650 1451 287
687 1413 729 1451 et
753 1412 836 1451 401
871 1411 1055 1464 insignit-i
1084 1410 1205 1450 iidem
1232 1411 1328 1450 sunt
1353 1411 1474 1460 atque
1498 1409 1543 1459 ii,

182 1481 281 1518 quos
307 1469 437 1509 editor
460 1471 541 1509 iam
568 1484 677 1510 num.
701 1472 784 1510 166
821 1473 862 1511 et
882 1472 936 1511 58
966 1470 1242 1523 insigniverat,
1267 1469 1423 1509 codices
1448 1481 1543 1509 vero

181 1529 323 1568 Sinait.
345 1528 382 1568 S.
397 1529 553 1571 Cather.
569 1533 653 1571 565
669 1533 709 1570 et
723 1530 856 1571 Chalc.
871 1531 1029 1571 scholae
1041 1530 1163 1570 theol.
1182 1530 1264 1569 118
1280 1525 1328 1581 (t.
1347 1528 1422 1567 VlI
1437 1523 1542 1581 738)

183 1589 224 1626 et
247 1591 415 1628 monast.
442 1589 571 1630 Prusu
591 1592 617 1630 4
644 1594 686 1630 et
704 1591 793 1630 Par.
813 1591 945 1642 suppl.
967 1591 1051 1630 675
1079 1586 1126 1642 (t.
1147 1589 1248 1631 VIII
1275 1585 1382 1641 683)
1407 1601 1542 1627 nume·

182 1646 238 1686 ris
263 1651 410 1688 carent.
449 1650 603 1691 Errata.
620 1663 822 1702 perpauca
846 1650 970 1690 tacite
995 1650 1158 1690 correxi.

246 1766 309 1805 An
343 1769 478 1818 potius
512 1783 550 1820 p.
578 1771 633 1809 32
669 1771 711 1809 in
750 1783 840 1821 app.
875 1771 945 1810 lin.
966 1771 992 1809 4
1028 1782 1052 1808 a
1086 1782 1213 1821 marg.
1247 1769 1317 1807 inf.
1353 1770 1394 1806 et
1426 1781 1465 1818 p.
1487 1768 1539 1805 41

184 1825 253 1864 lin.
283 1828 337 1866 13
365 1840 390 1867 a
423 1842 473 1868 m.
512 1829 583 1868 inf.
617 1830 779 1883 legatur
815 1824 1114 1883 ‘litt(erarum)'
1148 1842 1222 1879 pro
1261 1821 1546 1880 ‘lin(earum)’,

185 1898 306 1935 quam
338 1900 474 1927 vocem
505 1889 672 1940 praebet
702 1891 898 1939 Foerster,
930 1889 1081 1929 dubito.
1128 1889 1172 1928 P.
1201 1890 1255 1928 76
1289 1887 1421 1926 media
1454 1890 1547 1937 post

184 1945 519 1988 intermissionem
545 1951 586 1989 et
611 1952 705 1989 ante
730 1962 868 1990 vocem
889 1944 1123 1988 ‘Iacturam'
1147 1950 1319 1987 inseras:
1343 1946 1374 1985 Ι.
1424 1945 1466 1985 P.
1490 1947 1543 1984 97

186 2004 254 2042 lin.
280 2006 332 2045 18
366 2009 407 2046 et
440 2009 492 2047 31
529 2021 554 2047 a
579 2022 629 2048 m.
656 2022 744 2060 sup.
770 2023 843 2061 pro
869 2009 899 2048 C
931 2010 1062 2061 legas:
1095 2007 1172 2053 Cn.
1215 2007 1281 2046 Ad
1307 2020 1347 2057 p.
1369 2007 1422 2045 52
1435 2018 1545 2056 sqq:

188 2061 246 2102 De
278 2065 362 2104 cod.
391 2067 481 2106 Vat.
508 2081 565 2120 gr.
589 2069 664 2119 83,
699 2070 769 2120 qui
799 2082 926 2120 nuper
956 2081 981 2107 a
1005 2067 1203 2107 Franchio
1235 2066 1456 2116 descriptus
1486 2069 1548 2103 est

187 2121 229 2160 in
261 2123 364 2164 libro
397 2127 467 2176 qui
497 2129 753 2169 inscribitur:
785 2129 949 2169 Codices
980 2128 1072 2166 Vat.
1100 2128 1250 2179 graeci,
1279 2138 1355 2165 rec.
1381 2124 1418 2165 J.
1445 2124 1547 2163 Mer-

188 2182 268 2220 cati
301 2186 342 2222 et
367 2184 407 2223 P.
436 2186 607 2227 Franchi
632 2189 691 2228 de'
713 2188 923 2238 Cavafieri,
949 2190 1043 2226 tom.
1069 2186 1100 2236 Ι,
1130 2187 1257 2236 1923,
1282 2185 1320 2225 J.
1340 2183 1547 2224 Mercati

188 2242 289 2290 prof.
315 2243 460 2284 illustr.
492 2246 590 2286 haec
619 2248 718 2287 mihi
751 2247 1032 2300 benignissime
1065 2246 1243 2296 scripsit,
1275 2244 1419 2296 quibus
1445 2255 1548 2293 quae

189 2300 375 2342 Foerster
408 2308 596 2356 exposuit
630 2307 922 2358 quodammodo
959 2306 1239 2345 illustrantur:
1283 2304 1394 2357 ‚,1·'01.
1432 2303 1544 2341 1——6

188 2360 357 2401 indicem
393 2367 642 2406 continentia
673 2371 785 2407 extra
815 2379 1022 2406 numerum
1050 2365 1357 2416 quaternionum
1382 2370 1477 2401 sunt.
1502 2374 1548 2400 ac

190 2421 302 2461 nullo
337 2436 502 2464 numero
537 2427 708 2479 signata.
754 2426 920 2466 Numeri
954 2426 1266 2476 quaternionum
1301 2423 1549 2473 antiquiores
