1872 2924
297 223 318 262 3
337 220 370 255 8.
409 214 475 254 DF.
500 216 610 254 VAT.
630 216 707 254 GR.
726 220 773 254 8⁸
799 216 1009 261 EIUSQUE
1038 216 1397 254 PROPAGINIBUS
1471 217 1527 261 61

165 308 259 358 post
275 307 531 357 πεφύτευται,
550 306 617 346 fol.
635 308 716 346 141
740 319 801 357 ep.
820 309 930 346 1111
954 307 1060 346 iuter
1080 309 1242 353 πολλοῖς
1261 309 1303 346 et
1319 306 1532 360 γενόμενος

164 369 240 406 etc.
279 366 323 406 Si
342 365 614 406 Zsmbicarius
638 379 779 406 revera
804 366 978 406 codicem
999 366 1242 405 Vaticanum
1263 368 1319 407 83
1340 366 1532 420 possedit,

166 426 335 466 fortasse
361 429 402 466 et
425 425 511 477 ipse
535 426 617 465 fuit
634 428 775 466 auctor
794 426 913 465 huius
939 427 1172 479 apographi.
1199 426 1306 467 Raro
1332 429 1531 466 corrector

165 485 299 526 verbis
326 485 391 525 vel
416 485 572 526 omissis
597 485 830 537 supplendis
856 486 921 526 vel
946 486 1059 525 falsis
1085 485 1343 525 emendandis
1367 498 1531 537 operam

165 545 287 586 dedit.
326 544 566 585 Examinavi
591 558 625 585 a.
655 546 780 586 1869.

225 605 287 644 Ex
311 605 386 645 hoc
411 605 562 655 codice,
594 618 673 644 non
699 618 720 644 e
740 605 937 645 Vaticano
963 606 1051 655 ipso
1077 605 1299 656 descriptus
1323 608 1385 645 est
1409 604 1530 645 codex

227 666 266 705 3.
285 665 644 716 Neapolitanus
664 664 726 704 III
740 665 775 704 A
793 666 847 705 10
868 661 1053 719 (ccxm
1073 667 1115 704 in
1134 665 1320 717 catalogo
1342 661 1518 719 cyrilli),
1531 672 1601 704 467

164 725 265 764 olim
290 724 619 765 Farnesianus
645 725 769 765 chart.
797 725 949 765 formae
973 725 1063 764 folii
1088 724 1253 764 maximi
1277 737 1329 765 sc.
1350 725 1424 764 XV
1443 738 1533 764 exe·

164 786 250 825 unt.
275 784 340 823 vel
366 784 460 824 XVI
484 785 634 824 ineunt.
654 785 801 824 litteris
827 786 1011 824 maximis
1035 784 1285 836 marginibus
1309 785 1530 824 latissimis.

165 844 271 884 Nam
295 856 473 895 prorsus,
503 845 567 885 vel
592 845 635 884 in
659 845 814 885 lacunis
838 845 921 884 illis
947 845 1117 892 omissis,
1142 857 1234 884 cum
1259 844 1530 896 Neapolitano

165 903 229 943 111
241 903 278 943 A
294 905 347 944 12
369 906 573 957 congruit:
592 904 662 944 ubi
675 905 888 955 discrepat,
908 917 1039 944 errore
1060 904 1101 943 id
1122 904 1277 944 librarii
1290 905 1529 945 continetur.

165 963 285 1013 πίναξ
303 963 421 1004 hodie
439 976 520 1004 non
538 976 666 1016 supra
685 978 746 1015 ep.
763 961 829 1016 ξη’
844 964 938 1003 libri
956 960 993 1004 ε’
1013 961 1078 1018 (--
1097 959 1232 1017 1468)
1252 966 1439 1004 exaratus
1458 966 1533 1014 est,

166 1022 238 1062 sed
261 1023 382 1064 finem
407 1024 492 1065 eius
517 1025 685 1076 periisse
707 1024 800 1063 inde
826 1026 1001 1065 conicias
1028 1024 1135 1075 quod
1160 1023 1324 1063 vocibus
1350 1023 1398 1075 ξή
1413 1034 1422 1043 ·
1448 1022 1532 1064 362-

164 1081 322 1135 ξαμεθά
352 1095 427 1124 σου
453 1084 596 1124 folium
626 1086 679 1124 13
706 1084 865 1124 desinit.
903 1084 1055 1124 Textus
1079 1084 1347 1134 epistularum
1371 1085 1533 1123 tantum

165 1143 423 1196 progreditur
445 1157 572 1195 usque
592 1144 642 1183 ad
662 1157 723 1195 ep.
742 1141 815 1184 σθ’
836 1144 929 1183 libri
949 1141 990 1183 δ’
1010 1138 1075 1198 (---
1099 1140 1235 1198 1192)
1255 1156 1335 1195 qua
1354 1143 1423 1184 fol.
1447 1144 1531 1183 195

164 1202 317 1243 finitur.
356 1203 596 1244 Examinavi
621 1217 656 1244 a.
687 1205 813 1244 1869.

227 1261 307 1302 Sed
331 1275 352 1302 e
376 1263 575 1304 Vaticano
602 1266 657 1304 83
683 1265 772 1315 ipso
797 1263 972 1315 excerpti
998 1266 1095 1303 sunt
1119 1263 1342 1314 complures
1367 1263 1533 1303 codices.

166 1320 343 1368 Quorum
369 1325 522 1374 primus

228 1382 269 1422 4.
293 1382 550 1423 Parisinus
575 1396 632 1435 gr.
649 1384 766 1424 3110
791 1384 917 1425 chart.
938 1385 1092 1423 formae
1110 1385 1209 1424 sext.
1230 1383 1312 1422 dec.
1333 1394 1384 1422 sc.
1405 1381 1523 1422 XVII
1534 1389 1606 1421 468

166 1441 220 1481 ab
239 1442 459 1482 Emerico
478 1443 677 1495 Bigotio
697 1445 886 1484 exaratus
909 1439 1024 1496 est¹).
1048 1442 1146 1482 Inde
1160 1456 1185 1482 a
1199 1443 1266 1482 fol.
1281 1445 1307 1482 2
1321 1443 1534 1493 inscripto:

167 1502 287 1541 Libri
320 1505 454 1551 quarti
482 1503 661 1552 Epistole
690 1505 830 1543 extant
860 1504 1055 1554 epistulae
1092 1515 1114 1542 e
1150 1502 1255 1542 libro
1286 1504 1430 1554 quarto
1468 1515 1534 1542 ex-

167 1563 348 1613 cerptae:
376 1564 684 1613 1133—1357‚
709 1565 750 1602 et
774 1563 966 1616 βιβλίον
991 1561 1231 1613 τέταρτον·
1258 1559 1284 1601 ἆ
1308 1559 1374 1610 (==
1397 1557 1534 1615 1113)

170 1618 256 1675 --ιζι
280 1616 346 1675 (-
369 1618 517 1676 1125).
554 1622 602 1662 In
633 1623 813 1675 margine
845 1623 896 1662 ad
922 1620 958 1671 ζ’
978 1618 1044 1676 (=
1069 1617 1204 1675 1119)
1236 1622 1431 1672 scriptum
1455 1623 1535 1661 est:

167 1695 207 1732 p.
228 1682 313 1722 269
339 1682 462 1734 Mat,
487 1695 577 1723 cum
599 1683 697 1723 haec
716 1683 890 1735 epistula
908 1683 951 1722 in
971 1683 1039 1723 fol.
1062 1683 1165 1722 269*
1184 1681 1373 1721 Vaticani
1393 1683 1449 1721 83
1469 1694 1536 1721 ex·

166 1743 240 1781 tet.
273 1741 526 1782 Adversariis
546 1743 699 1795 Bigotii
726 1743 777 1783 ad
797 1743 974 1783 diversos
1000 1743 1226 1793 scriptores,
1255 1744 1302 1781 ut
1319 1740 1536 1790 Iulianum,

169 1799 347 1841 Plinium
377 1802 615 1843 intermissis
641 1803 838 1854 epistulae
863 1802 1024 1841 Libanii
1050 1801 1179 1841 denuo
1206 1803 1421 1841 occurrunt
1443 1800 1536 1839 inde

168 1872 194 1899 a
218 1861 288 1901 fol.
310 1863 379 1912 29,
403 1875 574 1913 quarum
598 1862 729 1913 prima
755 1864 816 1902 est
839 1863 905 1903 lib.
929 1863 955 1902 5
973 1863 1081 1911 epist.
1102 1860 1152 1914 ξῗς
1173 1855 1238 1915 (-
1262 1856 1416 1915 1506),
1441 1856 1537 1913 φιβ’

168 1923 231 1959 est
258 1922 386 1970 1522,
417 1921 470 1961 ad
494 1935 615 1973 quam
640 1922 834 1973 scriptum
861 1924 922 1961 est
947 1921 1028 1961 lib.
1051 1923 1089 1962 5.
1109 1935 1146 1972 p.
1169 1922 1254 1962 365
1282 1916 1327 1974 (i.
1348 1934 1381 1960 e.
1400 1933 1539 1960 nume·

169 1992 236 2019 rus
262 1980 351 2020 folii
377 1981 509 2021 Vatic.
530 1978 620 2036 83),
645 1982 790 2022 ultima
814 1979 900 2033 pxg'
921 1977 987 2035 (=-
1010 1980 1159 2032 1527).
1194 1981 1309 2020 Hanc
1334 1980 1539 2032 excipiunt

168 2040 366 2090 epistulae
385 2041 479 2081 libri
497 2041 540 2081 Π
558 2038 635 2094 κη’
649 2037 714 2094 (=-
730 2037 956 2095 690)—qy‘
968 2036 1035 2096 (=-
1051 2036 1170 2094 695).
1201 2040 1445 2081 Intermissis
1464 2039 1537 2079 ite-

169 2113 261 2138 rum
286 2100 526 2141 coniecturis
545 2101 598 2141 ad
618 2101 795 2141 Plinium
814 2101 983 2141 redeunt
1003 2101 1070 2141 fol.
1094 2101 1268 2141 52-56
1289 2099 1452 2139 Libanii
1476 2112 1536 2150 ep.

172 2160 428 2211 966—9833
447 2161 593 2200 ultima
607 2162 803 2212 inscripta
814 2163 875 2201 est
886 2174 924 2212 p.
938 2162 1036 2200 394.
1058 2161 1197 2211 epist.
1212 2159 1307 2212 σλβ.
1332 2158 1537 2199 Intermis-

170 2218 226 2257 sis
251 2219 302 2258 ad
324 2222 509 2261 auctores
528 2219 700 2261 Graecos
726 2221 967 2261 adversariis
990 2222 1217 2271 sequuntur
1234 2219 1328 2259 inde
1347 2232 1372 2259 a
1390 2218 1459 2259 fol.
1480 2219 1537 2258 65

171 2279 368 2329 epistulae
392 2279 486 2319 libri
511 2280 553 2320 11
577 2281 669 2320 inde
694 2294 719 2320 a
743 2280 824 2320 lib.
852 2282 877 2320 2
905 2293 1007 2331 epp.
1035 2282 1072 2320 2.
1099 2294 1137 2331 p.
1165 2280 1219 2319 97
1248 2274 1314 2333 (-
1336 2272 1474 2332 1084)
1498 2279 1539 2317 et

170 2337 311 2388 epist.
331 2340 370 2380 4.
389 2339 458 2379 lib.
481 2342 505 2380 2
527 2335 593 2394 (=
616 2337 721 2395 505)
743 2355 810 2380 —t
818 2335 908 2394 '(—
935 2341 1085 2392 1087);
1104 2338 1341 2379 intermissis
1359 2339 1467 2378 notu's
1486 2337 1539 2376 ad

235 2430 268 2474 1)
293 2428 446 2474 Delisle,
465 2429 563 2466 Bibl.
584 2430 788 2478 Bigotiana
806 2430 936 2467 Rouen
960 2433 1062 2466 187⁷.
1101 2428 1251 2473 Omont,
1275 2428 1354 2464 Inv.
1375 2427 1441 2464 dee
1459 2437 1541 2463 ma-

169 2486 293 2513 nuscr.
312 2489 367 2523 gr.
388 2477 436 2513 de
460 2477 500 2514 lu
524 2477 615 2515 bibl.
635 2479 714 2515 nat.
735 2477 852 2514 Pam.
878 2478 1014 2514 introd.
1034 2489 1070 2524 p.
1092 2477 1136 2513 X.
