1872 2924
336 242 356 283 ς
378 241 433 274 ιο.
471 235 538 273 ns
562 234 704 273 com).
723 234 794 272 ΕΡ.
817 220 1317 271 142⁸-1nmsrmus
1419 233 1510 277 223

145 330 218 369 λον
236 340 299 380 ep.
317 327 371 367 13
392 321 512 378 (588,
533 319 595 379 4),
612 323 713 376 πρὸς
731 337 790 376 ep.
815 326 836 364 1
859 319 981 378 (573,
1002 318 1062 378 2),
1080 320 1136 371 ὡς
1154 337 1215 375 ep.
1238 324 1292 363 14
1315 318 1435 376 (589,
1449 319 1510 376 6),

146 386 217 429 τὸν
242 386 439 428 δύσκολον
464 398 524 437 ep.
547 386 600 425 19
627 385 750 434 (593,
772 379 846 438 10)
871 384 1034 423 inserta.
1071 382 1238 423 Frustra
1263 382 1424 434 quidem
1449 383 1512 421 fu-

145 449 266 488 erunt
290 441 518 499 Loofsiuffl)
544 447 586 485 et
603 444 899 496 Przychockius
907 438 956 498 ⁸),
981 442 1087 494 quod
1113 456 1205 483 eum
1230 443 1337 483 inter
1353 442 1511 482 Harlei-

146 518 245 548 anos
270 507 397 547 Musei
417 505 641 546 Britannici
666 505 962 555 quaesiverunt.
999 503 1104 543 Nam
1130 515 1218 543 cum
1239 502 1414 542 Roberto
1440 503 1511 541 illo

147 566 312 618 Harley,
337 566 480 606 comite
501 562 716 605 Oxfordiae
737 559 1088 616 (1661—1724),
1108 562 1313 603 conditore
1331 561 1511 602 thesauri

146 625 326 667 codicum
354 625 481 665 Musei
503 624 741 671 Britannici,
766 622 868 662 nihil
892 622 1015 662 habet
1038 622 1098 662 rei
1116 622 1165 673 is,
1189 623 1258 673 qui
1280 621 1386 663 hunc
1404 621 1512 662 codi-

146 698 234 726 cem
266 684 446 738 possedit
480 684 697 724 Achilles
731 682 972 723 Harlaeus
1006 684 1168 723 senator
1204 681 1511 722 Parisiensis.

146 745 187 786 Is
207 758 297 785 eum
316 745 428 797 prius
447 756 536 784 cum
558 743 754 784 Cotelerio
775 741 1097 792 communicavit,
1117 741 1186 793 qui
1207 755 1267 793 ep.
1284 743 1339 782 23
1360 741 1513 793 primus

146 807 188 845 in
216 805 396 844 Eclesiae
415 803 592 844 Graecae
615 804 964 843 monumentorum
989 803 1099 842 tomo
1119 801 1161 841 Π
1180 801 1366 841 Lutetiae
1384 800 1511 840 Paris.

147 878 183 905 a.
202 865 311 904 1681
335 877 374 916 p.
390 864 444 904 96
467 864 502 903 A
522 876 569 903 ex
589 876 636 904 eo
655 863 809 915 publici
826 862 927 902 iuris
947 855 1100 914 secit⁸)‚
1119 860 1262 902 deinde
1279 874 1372 901 non
1390 873 1515 901 com—

149 923 386 974 modavit,
412 922 493 964 sed
518 923 640 964 dono
665 922 801 963 dedit
825 920 1032 971 Gamerio,
1061 923 1111 961 ut
1135 921 1169 961 is
1195 921 1237 960 in
1261 921 1512 972 praefatione

147 984 250 1025 tomi
274 983 293 1023 I
319 979 479 1038 (1721)
504 996 542 1034 p.
562 982 662 1022 VIII
686 983 873 1026 testatur.
908 982 965 1021 At
989 982 1025 1021 si
1048 980 1331 1022 bibliothecam
1351 993 1514 1033 congre-

148 1043 325 1096 gationis
346 1042 384 1083 S.
406 1042 595 1083 Germani
613 1043 655 1082 in
676 1042 809 1082 Pratis
828 1040 1011 1091 intravit,
1036 1041 1174 1081 eodem
1192 1041 1278 1091 illo,
1304 1053 1384 1092 quo
1406 1039 1516 1080 Cois·

149 1103 326 1143 linianus
346 1102 555 1152 secundus,
573 1102 757 1142 incendio
776 1101 941 1153 periisse
960 1100 1131 1141 videtur.
1158 1100 1369 1142 Lectiones
1389 1113 1412 1139 a
1431 1101 1516 1140 Ma-

149 1176 250 1204 rano
277 1163 492 1203 adnotatas
516 1164 559 1202 in
582 1175 672 1214 app.
695 1162 781 1202 crit.
802 1161 853 1200 ad
879 1173 939 1212 ep.
962 1163 999 1200 1.
1027 1162 1065 1201 2.
1088 1161 1125 1200 ὅ.
1147 1161 1185 1201 6.
1207 1162 1245 1200 9.
1268 1162 1335 1200 11.
1358 1160 1423 1200 13.
1449 1162 1515 1198 14.

152 1224 207 1263 19
233 1224 376 1274 recepi.

214 1288 331 1328 Alius
355 1288 513 1340 generis
539 1290 635 1327 sunt
658 1289 741 1328 tres
765 1286 931 1338 codices,
962 1285 1112 1338 quippe
1137 1287 1208 1338 qui
1234 1286 1514 1337 corpusculum

156 1348 291 1399 ipsum
314 1348 502 1388 reddant:

153 1452 159 1456 .
212 1414 311 1455 365.
348 1413 710 1454 Laurentianus
754 1427 813 1466 gr.
844 1412 935 1452 LIX
974 1406 1075 1466 30⁴)
1118 1411 1227 1452 foliis
1266 1411 1519 1451 151—157‘

151 1474 373 1514 chartaceis
410 1486 533 1514 manu
569 1486 622 1513 sc.
651 1472 747 1513 XIV
784 1472 958 1512 exaratis
996 1471 1223 1523 corpusculi
1258 1471 1518 1523 inscriptione

151 1534 259 1585 privi
296 1533 458 1573 exhibet
495 1546 556 1585 ep.
589 1534 746 1574 1-14,
786 1534 855 1573 23.
895 1532 962 1572 16.
1003 1532 1071 1572 15.
1105 1532 1293 1572 17—22.
1330 1530 1388 1571 Ut
1420 1530 1518 1571 ordo

153 1606 293 1633 earum
327 1593 508 1644 proxime
542 1592 595 1632 ad
627 1592 754 1633 Paris.
782 1593 894 1632 2991
918 1586 999 1645 A⁶)
1031 1591 1197 1642 accedit,
1229 1590 1290 1630 ita
1321 1603 1410 1631 cum
1443 1591 1519 1630 hoc

152 1653 278 1693 etiam
302 1652 344 1692 in
369 1653 445 1692 hac
469 1665 512 1692 re
537 1653 753 1704 conspirat,
779 1651 885 1703 quod
910 1653 1004 1703 post
1027 1651 1213 1692 ultimam
1238 1645 1336 1705 (22)
1360 1650 1521 1691 exhibet

155 1711 284 1765 μήτηρ
310 1710 429 1765 πατρὶ
453 1710 660 1765 πέπομφα,
685 1711 754 1752 sed
780 1724 860 1751 non
885 1713 934 1751 ut
959 1709 1143 1764 Gregorii
1168 1711 1265 1751 Naz.
1291 1710 1519 1762 epistulam,

154 1772 224 1812 sed
253 1774 302 1812 ut
331 1771 451 1812 finem
476 1772 674 1823 epistulae
700 1771 972 1812 antecedentis
1000 1771 1068 1810 22.
1106 1770 1267 1822 Inspexi
1291 1773 1332 1810 et
1356 1783 1378 1810 e
1402 1773 1519 1821 parte

155 1831 322 1872 contuli.

217 1898 316 1938 366.
342 1897 598 1938 Parisinus
632 1910 690 1949 gr.
714 1898 828 1938 2075
865 1909 916 1937 sc.
942 1896 1030 1946 XV,
1066 1896 1245 1937 continet
1277 1896 1346 1936 fol.
1375 1897 1521 1936 120—-

160 1958 265 1998 123*
295 1959 458 1998 mutuas
489 1956 748 2008 inscriptione
779 1958 917 2008 privas
951 1957 1079 1997 1-6.
1104 1957 1143 1996 8.
1172 1957 1208 1996 7.
1236 1956 1304 1996 22.
1334 1956 1506 1995 13-15

159 2018 227 2057 23.
257 2017 444 2058 16—20.
480 2018 546 2058 10.
580 2018 648 2057 21.
682 2019 719 2057 9.
756 2019 823 2057 11.
858 2017 927 2067 12,
957 2016 1096 2056 eodem
1126 2016 1208 2055 fere
1234 2015 1372 2056 ordine
1398 2018 1522 2065 atque

156 2076 278 2116 Laur.
292 2076 495 2116 LXXXVI
514 2070 596 2131 8⁸).
618 2076 692 2128 Ep.
709 2077 791 2117 501
815 2075 939 2125 deest,
958 2075 1066 2126 quod
1083 2075 1202 2115 finem
1223 2075 1322 2115 facit
1340 2074 1522 2127 syllogae

158 2136 442 2177 antecedentis.
476 2136 616 2187 Aeque
646 2139 770 2187 atque
800 2135 843 2175 in
867 2135 940 2176 illo
966 2135 1098 2175 codice
1125 2134 1302 2175 :aceedit
1325 2135 1395 2175 fol.
1418 2135 1522 2174 123v

221 2228 256 2272 1)
285 2226 505 2263 Eustathius
529 2238 601 2263 von
627 2226 784 2262 Sebaste
809 2229 831 2261 8
855 2227 932 2261 not.
956 2230 986 2261 1.

220 2281 258 2325 2)
285 2279 338 2316 De
363 2279 535 2327 Gregorii
559 2278 647 2316 Nat„
676 2279 923 2326 epistularum
950 2278 1144 2315 codicibus
1170 2277 1393 2324 (Rospravy
1418 2277 1521 2313 Aka-

160 2326 277 2363 demii
309 2326 555 2376 Umiejetnos,
585 2326 622 2363 ci
647 2326 822 2374 Wydsial
852 2326 1109 2374 Filologicsny
1142 2325 1260 2373 Serya
1287 2325 1340 2362 111
1364 2327 1455 2362 tom.
1476 2324 1525 2371 V>

159 2374 359 2412 Cracoviae
385 2378 491 2419 1918,
516 2378 596 2412 282.

219 2430 256 2475 8)
281 2427 334 2465 cf.
355 2430 465 2465 notas
483 2427 554 2466 eol.
574 2431 655 2466 55⁹.
800 2430 837 2475 4)
863 2426 918 2464 Cf.
938 2429 966 2464 t.
984 2427 1001 2463 1
1026 2430 1096 2463 41⁶1
1121 2439 1158 2463 n.
1177 2431 1236 2464 66.

221 2484 259 2528 ὁ)
283 2481 406 2529 Supra
428 2494 466 2529 p.
486 2485 557 2518 220
581 2494 617 2519 n.
637 2486 718 2518 ⁸54.
865 2483 902 2528 6)
926 2480 980 2518 cf.
1006 2481 1108 2517 infra
1132 2480 1203 2517 snb
1229 2492 1264 2517 n.
1286 2483 1366 2516 868.
