1872 2924
339 222 398 263 60
641 222 1008 259 PROLEGOMENA
1034 225 1100 260 AD
1126 225 1389 265 EPISTULAS

338 322 502 349 numero
522 310 784 360 epistularum
812 312 861 351 ab
887 325 933 351 eo
953 313 1112 362 prolato
1127 308 1318 366 (plures
1337 317 1472 355 mille
1490 320 1536 357 et
1555 321 1691 369 quin-

338 364 519 421 gentis)
550 369 755 419 probabile
787 371 844 409 fit.
882 371 1070 411 Continet
1100 374 1205 412 enim
1237 375 1357 413 codex
1387 377 1609 417 Vaticanus
1635 380 1690 420 83

339 429 532 478 epistulas
561 430 687 478 1566,
716 431 751 468 si
774 429 946 470 includis
974 433 1024 470 21
1055 431 1210 471 litteras
1236 436 1459 474 commercii
1485 438 1592 476 inter
1615 438 1691 476 Ba-

338 487 472 526 silium
507 490 548 526 et
577 487 792 527 Libanium
827 490 1034 539 epistolici.
1078 490 1183 536 Quin
1215 493 1336 531 etiam
1369 496 1530 534 concedi
1559 499 1694 546 potest

339 559 428 584 eum
448 547 542 585 olim
564 547 738 586 codicem
753 547 1101 600 Constantinopoli
1120 552 1260 590 emisse
1279 554 1319 590 et
1331 554 1551 603 possedisse
1564 556 1694 606 prius-

339 618 461 655 quam
486 606 768 646 bibliothecam
795 609 1053 657 apostolicam
1077 611 1258 649 intraret.

399 665 446 704 A.
469 666 583 705 1698
611 666 743 705 codice
769 667 820 705 ad
845 667 1058 707 editionem
1085 668 1347 718 epistularum
1366 671 1525 711 Libanii
1548 685 1692 723 paran-

338 724 430 762 dam
455 737 552 764 usus
578 727 639 763 est
661 725 938 765 Fridericus
958 727 1238 779 Rostgaard.
1275 728 1351 774 Qui
1376 744 1456 781 qua
1476 734 1693 772 rationein

338 786 539 833 apparatu
570 785 710 823 critico
742 786 965 836 colligendo
995 789 1176 827 versatus
1207 788 1271 838 sit,
1302 790 1387 839 ipse
1412 791 1551 830 multis
1577 793 1692 831 annis

337 845 431 892 post
452 844 496 881 in
521 844 695 893 epistula
719 844 783 883 die
811 847 835 884 3
855 845 1037 885 Ianuarii
1062 859 1096 886 a.
1124 847 1235 885 1738
1263 848 1313 886 ad
1339 848 1529 888 Ioannem
1554 849 1695 890 Gram-

337 901 462 940 mium
488 902 595 952 data,
622 916 741 952 quam
759 904 867 943 infra
890 904 965 943 sub
984 919 1023 944 n.
1042 907 1128 944 433
1149 907 1379 957 exscribam,
1404 911 1575 958 exponit.
1610 909 1692 961 Ap-

337 963 503 1011 paratus
528 961 872 1013 Rostgaardianus
904 965 1100 1004 auctionis
1124 966 1210 1003 iure
1234 965 1515 1007 bibliothecam
1538 970 1692 1021 regiam

338 1020 610 1060 Havniensem
628 1018 841 1073 intravit¹)
861 1035 1045 1073 annoque
1061 1026 1173 1063 1733
1195 1025 1366 1064 Ioanni
1381 1026 1694 1078 Christopho-

337 1092 388 1118 ro
406 1080 590 1119 Wolfio
609 1080 906 1132 Hamburgensi
929 1083 1100 1122 utendus
1125 1085 1269 1123 missus
1289 1087 1359 1123 est.
1398 1086 1475 1132 Qui
1494 1099 1553 1136 ep.
1577 1089 1690 1127 1284

340 1140 515 1178 —1556
551 1139 739 1180 editionis
763 1142 1147 1182 Amstelodamensis
1180 1156 1213 1182 a.
1237 1145 1350 1183 1738
1384 1158 1431 1183 ex
1461 1148 1694 1197 apographo

338 1198 457 1237 huius
477 1198 623 1238 codicis
643 1203 852 1250 prompsit,
871 1201 913 1239 in
931 1202 1095 1252 reliquis
1116 1202 1281 1242 subinde
1301 1216 1392 1242 eum
1411 1204 1604 1255 adhibuit,
1624 1206 1692 1244 sed

337 1259 512 1307 pretium
545 1258 690 1297 codicis
716 1272 860 1309 parum
884 1260 1093 1311 perspexit
1139 1261 1281 1300 Denuo
1306 1263 1372 1301 Eu
1381 1264 1551 1314 genius
1576 1265 1694 1303 Bor-

339 1329 477 1356 mann
503 1319 623 1367 atque
649 1331 683 1357 a.
707 1319 821 1357 1869
847 1320 888 1358 et
916 1321 1030 1359 1870
1056 1323 1212 1372 egomet
1237 1322 1489 1362 excussimus.

398 1435 432 1473 E
458 1434 655 1476 Vaticano
679 1450 738 1488 gr.
760 1438 814 1476 83
841 1437 990 1477 Romae
1015 1450 1066 1477 sc.
1086 1439 1160 1477 XV
1185 1439 1406 1489 descriptus
1433 1442 1493 1479 est
1517 1441 1639 1480 codex

266 1503 336 1534 466
400 1496 438 1533 2.
463 1495 822 1545 Neapolitanus
848 1497 911 1535 III
934 1497 972 1535 A
1001 1499 1051 1536 12
1079 1495 1238 1550 (CCXV
1261 1499 1304 1537 in
1329 1500 1512 1550 catologo
1539 1499 1693 1550 Cyrilli,

342 1553 425 1592 185
445 1555 488 1592 in
506 1554 636 1593 indice
657 1555 839 1595 Baffiano
858 1555 1032 1595 Harlesii
1059 1557 1163 1607 apud
1183 1558 1570 1599 Fabricium-Harles
1590 1560 1692 1599 Bibl.

339 1626 397 1664 gr.
412 1612 447 1650 V
466 1626 504 1663 p.
521 1612 626 1666 786)
646 1615 739 1652 olim
762 1615 1025 1654 Farnesianus
1045 1616 1168 1655 chart.
1182 1617 1295 1655 form.
1309 1623 1439 1668 quart.
1452 1619 1548 1656 min.
1573 1618 1692 1657 Prae—

338 1671 407 1711 bet
430 1672 498 1711 fol.
522 1675 695 1712 1-407
723 1686 857 1713 omnes
883 1675 1076 1724 epistulas
1095 1674 1254 1714 Libanii
1278 1677 1431 1716 incluso
1457 1679 1692 1716 commercio

339 1730 483 1770 Basilii
507 1734 550 1770 et
573 1731 734 1771 Libanii
760 1733 966 1783 epistolico
992 1738 1034 1772 et
1056 1734 1205 1773 πίνακα
1229 1737 1501 1785 praemissum.
1538 1736 1694 1776 Desunt

340 1790 537 1840 epistulae
562 1791 758 1842 Dionysii.
796 1792 894 1831 Post
918 1793 1102 1831 ultimam
1128 1794 1339 1844 epistulam
1364 1798 1595 1834 mutuarum
1614 1796 1690 1834 Ba-

340 1849 422 1888 silii
458 1852 499 1888 et
528 1849 689 1890 Libanii
724 1851 792 1890 fol.
820 1853 927 1891 407*
957 1851 1144 1891 librarius
1181 1855 1405 1893 atramento
1441 1854 1563 1893 rubro
1600 1855 1691 1895 sub-

341 1909 501 1959 scripsit

433 1978 530 2028 δόξα
554 1983 638 2019 θεῶ
663 1978 778 2032 ἡμῶν
803 1974 928 2033 δόξα]
941 1985 1055 2033 σωθῆ
1082 1980 1102 2022 ὅ
1127 1981 1226 2034 ἔχων
1249 1981 1396 2035 ἕλεηθῆ
1421 1981 1442 2023 ὁ
1466 1983 1633 2036 γράφων

342 2053 383 2090 et
406 2053 631 2090 atramento
662 2053 778 2103 nigro
804 2051 932 2106 ὥσπερ
958 2050 1062 2100 ξένοι
1086 2053 1285 2105 χαίροντες
1310 2053 1408 2093 ἰδεῖν
1432 2054 1602 2106 πατρίδα
1625 2053 1692 2094 καὶ

342 2110 384 2149 οἱ
403 2110 711 2157 θαλαττεύοντες
736 2109 866 2163 εὑρεῖν
884 2110 1022 2163 λιμένα
1046 2111 1172 2160 οὕτως
1195 2111 1262 2151 καὶ
1286 2112 1329 2152 οἱ
1347 2113 1568 2166 γράφοντες
1592 2113 1693 2153 ἰδεῖν

341 2169 498 2221 βιβλίου
522 2168 640 2216 τέλος.
676 2169 859 2210 Lacunas
876 2172 918 2209 in
948 2171 982 2209 V
1003 2173 1181 2210 extantes
1205 2173 1419 2211 nonnullas
1439 2172 1626 2222 reddidit,
1646 2175 1693 2211 ut

341 2229 408 2267 fol.
431 2229 483 2267 81
506 2231 598 2278 post
615 2241 749 2268 vocem
771 2227 943 2281 ἀρίστοις
962 2243 1022 2280 ep.
1044 2231 1172 2279 1084,
1193 2231 1330 2281 plures
1347 2232 1630 2281 praetermisit,
1646 2234 1691 2270 ut

342 2287 410 2327 fol.
433 2289 538 2326 120*
558 2300 618 2338 ep.
641 2290 724 2328 775
743 2290 850 2327 inter
867 2288 1061 2340 λαβέσθαι
1080 2291 1122 2327 et
1139 2294 1216 2328 νῦν
1235 2287 1294 2339 δὲ,
1312 2291 1380 2329 fol.
1403 2291 1508 2329 122*
1526 2303 1586 2340 ep.
1606 2292 1692 2330 780

405 2403 440 2443 1)
467 2400 660 2445 Werlanff,
691 2400 903 2437 Historiske
927 2401 1225 2448 Esterretninger
1254 2413 1315 2438 om
1340 2403 1404 2438 det
1427 2403 1526 2438 store
1545 2402 1692 2449 Konge-

341 2447 419 2493 lige
444 2447 663 2484 Bibliothek
686 2448 701 2483 i
726 2448 990 2484 Riobenhaven
1016 2452 1084 2484 149
1109 2460 1164 2494 sq.
