1872 2924
324 237 409 280 162
625 235 992 272 PROLEGOMENA
1016 235 1083 271 AD
1104 233 1370 286 ‚EPISTULAS

384 325 463 365 Sed
486 327 593 365 inter
617 324 770 364 codices
794 324 941 363 mixtos
966 324 1087 362 etiam
1110 322 1338 362 referendus
1365 324 1426 362 est
1445 310 1449 313 μ

253 406 322 438 580
387 398 483 436 181.
508 396 881 435 Panormitanus
903 377 1234 433 biblittheoao
1252 393 1522 432 nationalis
1540 392 1681 434 11D9›

324 458 446 495 antea
456 455 631 507 LyceiII
645 453 675 494 G
691 455 759 504 18,
771 455 865 494 olim
881 454 1082 505 collegii
1100 453 1356 492 societatis
1374 452 1482 491 Iesu
1501 452 1678 492 Panor-

323 514 496 554 mitani
527 514 721 554 maximi
751 515 854 553 teste
878 513 1138 563 inscriptione
1162 512 1229 551 fol.
1252 513 1310 551 1¹:
1340 511 1419 550 Del
1445 511 1610 561 Goueyio
1637 511 1682 550 di

323 575 516 624 Palermo,
529 574 653 613 chart.
663 574 815 612 formae
828 575 904 612 oct.
915 569 961 625 (2
970 575 989 611 1
998 574 1022 611 2
1033 582 1081 610 ><
1094 573 1176 611 146
1188 567 1301 625 mm.)
1314 583 1366 610 sc.
1376 571 1450 610 XV
1462 571 1681 620 inscriptus

324 632 522 674 ἐπιστολαὶ
547 631 793 684 φιλοσῶφων
819 627 926 686 (sic).
964 631 1040 677 Qui
1072 631 1268 682 syllogam
1291 631 1387 670 134
1419 629 1679 680 epistularum

323 693 392 733 fol.
409 695 487 732 1——
497 693 555 732 80
578 691 762 743 praebet,
787 704 957 742 quarum
981 691 1112 742 prima
1136 692 1197 729 est
1222 702 1281 740 ep.
1297 690 1396 739 397,
1419 689 1563 728 ultima
1582 687 1681 729 511.

324 753 500 792 Nomina
517 764 655 792 eorum
673 751 724 790 ad
743 763 843 801 quos
863 751 1059 801 epistulae
1078 749 1195 789 datae
1215 750 1308 788 sunt
1325 761 1450 799 aeque
1474 751 1595 799 atque
1614 747 1680 786 lit-

324 816 434 851 terae
461 811 723 862 epistularum
747 810 925 849 initiales
955 822 1079 848 manu
1103 809 1248 858 altera,
1279 808 1348 847 sed
1372 820 1518 848 coaeva
1541 807 1682 846 addita

324 873 430 910 sunt.
460 870 635 909 Numero
657 871 741 910 134
773 870 952 909 inclusae
983 870 1078 908 sunt
1106 868 1208 907 duae
1240 881 1301 919 ep.
1321 869 1377 907 88
1406 869 1448 906 et
1472 869 1547 916 89,
1578 878 1681 917 quae

323 932 391 970 fol.
414 931 489 984 59*
515 932 557 969 et
582 930 658 969 60*
682 930 888 981 leguntur:
923 923 1057 968 Οἶσθα
1082 928 1241 979 βασιλεῦ
1267 925 1336 967 τὸν
1367 924 1406 974 ἐξ
1436 924 1615 978 ἀγκῶνος
1639 927 1681 965 et

328 988 412 1042 Οὑχ
437 986 491 1037 ὡς
515 987 757 1043 ἀπορροῦντι
781 985 988 1040 πέμπομέν
1010 998 1087 1039 σοι,
1116 987 1260 1037 quibus
1285 986 1325 1025 in
1351 986 1532 1037 margine
1557 997 1680 1024 manu

325 1050 398 1088 illa
417 1048 588 1088 secunda
607 1048 853 1099 adscriptum
873 1049 934 1087 est
958 1046 1202 1099 δρημητρίου
1218 1040 1314 1100 (sic)
1339 1045 1502 1096 κυδώνη
1525 1042 1679 1084 ἐπιστο-

324 1108 402 1160 λαί,
421 1121 524 1159 quae
543 1109 637 1148 sunt
649 1107 886 1147 Demetrii
900 1106 1123 1158 Oydonii,
1140 1104 1245 1144 unde
1262 1105 1380 1144 fluxit
1397 1104 1604 1154 inscriptio
1616 1115 1680 1143 co-

324 1167 425 1207 dicis
455 1179 609 1207 recens:
639 1167 842 1217 Epistozae
865 1166 1187 1216 Philosophorum
1218 1166 1358 1216 postea
1389 1166 1507 1203 aucta
1531 1163 1680 1203 verbis:

322 1229 406 1267 sive
421 1226 589 1268 Lt‘bam‘i
619 1230 654 1266 et
677 1227 867 1267 Demetrii
891 1226 1074 1277 cydonae
1097 1226 1199 1265 duae
1221 1236 1265 1274 p.
1290 1224 1345 1263 59
1370 1244 1426 1250 —
1453 1222 1600 1262 absunt
1629 1222 1680 1262 ab

325 1287 499 1326 editione
519 1285 773 1326 Boissonadii
790 1285 939 1325 Anecd.
957 1285 1073 1333 Nom,
1098 1283 1166 1323 sed
1191 1284 1285 1323 sunt
1308 1283 1349 1321 in
1371 1282 1502 1321 indice
1519 1281 1679 1332 Iosephi

325 1346 452 1396 Iorio,
483 1345 598 1385 stud.
616 1345 702 1384 ital.
722 1344 780 1384 IV
805 1358 843 1395 p.
866 1346 952 1384 280
977 1357 1015 1383 n.
1038 1345 1119 1383 102
1148 1345 1189 1382 et
1214 1356 1253 1393 p.
1275 1343 1360 1382 285
1385 1355 1423 1381 n.
1445 1343 1530 1382 298
1556 1362 1614 1369 —
1639 1343 1681 1380 et

325 1405 520 1456 epistulae
539 1400 637 1456 (921
657 1406 840 1455 sequenti
863 1404 933 1444 fol.
948 1405 998 1443 61
1023 1416 1145 1442 manu
1166 1401 1340 1442 secunda
1358 1401 1599 1451 adscriptum
1620 1402 1682 1439 est

324 1469 396 1504 τοῦ
426 1464 625 1517 λιβανίου·
658 1463 862 1516 δημητρίω
893 1469 946 1503 τῶ
977 1459 1247 1514 ἀρισταινέτου
1277 1458 1448 1511 ἀδελφὰ).
1495 1459 1573 1499 Hic
1596 1459 1680 1499 illic

324 1524 500 1564 codicem
525 1524 663 1563 classis
684 1523 791 1563 VVa
806 1523 862 1562 Vo
886 1523 1038 1563 fontem
1061 1522 1186 1560 fuisse
1205 1520 1268 1560 vel
1294 1519 1392 1559 ordo
1416 1519 1679 1570 epistularum

325 1583 512 1632 ostendit,
529 1585 578 1622 ut
594 1583 668 1622 sub
686 1582 848 1622 initium
867 1594 908 1622 se
927 1581 1131 1632 excipiunt
1149 1593 1208 1631 ep.
1225 1580 1323 1623 119.
1344 1580 1440 1619 122.
1463 1579 1559 1618 125.
1582 1579 1679 1628 132,

324 1643 397 1683 sub
415 1642 535 1682 finem
554 1643 723 1692 ep.211.
745 1643 841 1682 212.
866 1643 964 1681 214.
985 1641 1084 1680 215.
1105 1640 1203 1679 216.
1224 1641 1321 1679 224.
1344 1640 1440 1678 227.
1462 1639 1559 1677 229.
1581 1638 1678 1678 235.

327 1703 425 1742 237.
453 1703 552 1742 238.
577 1703 677 1741 240.
705 1702 802 1741 244.
836 1702 933 1741 252.
967 1701 1064 1740 256.
1115 1698 1192 1738 Sed
1226 1698 1322 1738 alibi
1356 1710 1446 1738 cum
1480 1696 1679 1737 codicibus

325 1761 502 1801 familiae
528 1761 674 1801 WLac
698 1759 809 1809 facit,
838 1760 1076 1811 quibuscum
1099 1760 1222 1798 etiam
1245 1757 1363 1797 finem
1388 1769 1449 1807 ep.
1471 1758 1555 1796 972
1582 1755 1679 1796 omi-

325 1821 388 1860 sit.
428 1820 559 1860 Codex
581 1821 713 1871 pretio
738 1820 876 1860 critico
900 1821 1020 1859 caret.

385 1885 624 1925 Examiuavi
654 1898 689 1925 a.
717 1885 850 1935 1869;
886 1886 1027 1935 postea
1055 1882 1231 1934 inspexit
1259 1881 1324 1921 Fr.
1343 1881 1473 1920 Ruehl
1505 1876 1680 1933 (Phi101.‚

325 1945 428 1985 Nov.
441 1957 513 1985 ser.
527 1944 549 1984 Ι
563 1939 687 1998 586),
700 1944 911 1995 descripsit
924 1942 1066 1983 Aemid
1090 1942 1268 1991 Martini,
1287 1940 1414 1981 Oatal.
1430 1940 1474 1979 di
1484 1940 1678 1979 Manoscr.

326 2003 441 2045 Greci
461 2005 649 2043 asistente
666 2004 771 2043 nelle
790 2002 1031 2042 biblioteche
1049 2001 1222 2041 Italiane
1240 2000 1262 2039 Ι
1284 2013 1323 2051 p.
1338 2001 1407 2050 77,
1430 1998 1500 2050 qui
1517 1999 1680 2039 nomina

326 2076 464 2103 eorum
482 2063 533 2103 ad
555 2075 654 2114 quos
674 2062 870 2113 epistulae
889 2062 1007 2102 datae
1026 2064 1120 2100 sunt
1143 2062 1186 2100 et
1209 2059 1471 2111 epistularum
1495 2070 1679 2097 numeros

326 2122 541 2163 secundum
566 2122 659 2163 edit.
678 2122 797 2161 Wolf.
824 2121 1029 2161 indicavit.

325 2250 357 2307 ς
382 2248 424 2294 8.
465 2250 527 2294 De
552 2249 717 2307 eclogis
742 2248 1030 2307 epistularum
1055 2260 1110 2292 ex
1135 2245 1370 2304 archetypo
1395 2259 1432 2290 a
1454 2243 1680 2303 profectis.

386 2342 465 2383 Sed
495 2344 635 2383 extant
664 2343 785 2382 etiam
817 2343 995 2395 eclogae,
1026 2353 1128 2392 quae
1153 2353 1233 2380 non
1256 2340 1305 2380 ut
1328 2351 1463 2379 omnes
1487 2349 1586 2389 quos
1610 2336 1679 2376 ad-

325 2402 404 2442 huc
433 2402 703 2442 recensuimus
727 2402 882 2442 codices
906 2414 932 2440 a
956 2402 979 2441 b
1009 2401 1211 2452 profectae
1235 2401 1346 2451 sunt,
1376 2398 1445 2438 sed
1468 2397 1522 2437 ad
1544 2396 1678 2437 arche·

325 2464 469 2513 typum
488 2474 515 2502 a
531 2461 661 2501 redire
683 2461 900 2503 censendae
919 2462 1022 2501 sunt.
1053 2458 1232 2506 Quarum
1249 2469 1457 2498 commune
1475 2457 1548 2506 est,
1573 2454 1680 2506 quod
