1872 2924
217 199 402 243 unnim
425 202 509 249 QUI
535 202 801 240 FERUNTUR
821 201 1174 240 CHARAOTERES
1197 201 1462 240 Epls'roucx
1511 203 1539 246 3

176 299 343 347 ρατικῆς
368 288 464 348 (88)
491 294 661 343 amissis,
686 292 756 333 sed
781 292 903 332 etiam
929 291 1081 332 scholio
1100 290 1376 346 αι’νυγματικῆς
1394 293 1435 331 in
1455 295 1539 332 tex·

176 359 263 395 tum
293 356 454 405 recepto
485 365 647 405 gravem
678 351 810 391 labem
841 351 1042 391 contraxit
1101 354 1134 391 A
1168 352 1297 392 forma
1326 351 1541 392 Procliana

176 425 301 466 aeque
326 414 448 465 atque
470 412 692 452 Libaniana
710 413 792 452 tria
814 411 888 451 illa
905 411 1188 464 paradigmata.
1207 411 1355 451 absunt
1373 413 1415 451 et
1433 411 1541 463 quod

174 477 263 515 erat
292 474 487 514 scholium
518 472 753 525 marginale‚
785 472 826 510 in
857 473 970 511 textu
994 471 1205 511 verborum
1233 474 1353 511 extat.
1389 470 1541 512 Contra

174 533 411 586 paradigma
433 529 699 582 ὀνειδιστικῆς·
713 526 812 585 (63)
833 531 939 582 quod
958 530 1113 571 codices
1132 532 1285 571 formae
1304 531 1540 572 Pmclianae

174 593 334 645 quidem
353 593 471 632 DPH
488 604 578 631 cum
597 591 731 631 codice
744 590 969 632 Libaniano
982 589 1167 630 Laui-ent.
1182 590 1251 630 LX
1269 592 1322 631 14
1340 591 1538 642 exhibent,

174 653 422 693 Libanianae
453 656 587 692 autem
614 652 852 700 amiserunt,
880 647 1018 691 omnia
1042 650 1275 690 authentiae
1301 651 1417 703 signa
1442 664 1539 702 prae

173 726 216 753 se
242 713 345 752 ferre
369 712 468 752 mihi
493 711 662 751 videtur.

235 777 400 818 Codices
424 777 576 818 formae
596 777 833 817 Proclianae
857 790 938 816 non
963 789 1010 816 ex
1034 789 1115 816 uno
1140 777 1321 817 codicum
1346 777 1539 828 supersti-

174 840 262 879 tum
298 838 616 878 Libanianorum
646 837 820 876 derivati
851 839 957 885 sunt,
991 837 1060 876 sed
1093 837 1144 876 ad
1175 837 1327 876 fontem
1359 849 1449 876 cum
1476 836 1539 877 his

173 908 424 938 communem
440 893 503 951 (b)
516 897 696 937 redeunt.
728 897 866 936 Nihilo
885 897 1018 936 minus
1037 896 1088 936 ob
1108 908 1269 936 causam
1286 908 1408 947 quam
1420 895 1539 936 modo

172 957 258 997 dixi
286 957 350 998 his
380 957 456 997 fide
489 957 697 1008 aliquanto
729 957 887 1006 cedunt,
918 953 995 996 etsi
1020 957 1126 996 inter
1151 969 1218 996 eos
1244 959 1377 996 aetate
1402 969 1539 996 omnes

175 1017 301 1058 vincit
325 1017 616 1056 Ambrosianus
641 1016 676 1055 B
696 1017 723 1055 4
748 1029 834 1068 sup.
854 1029 906 1056 sc.
926 1016 973 1056 X.

233 1143 325 1183 Duo
344 1144 471 1195 igitur
489 1142 667 1182 codicum
689 1155 835 1194 genera
855 1142 1150 1191 discernuntur,
1175 1154 1278 1193 quae
1297 1144 1391 1192 apte
1410 1141 1537 1182 nomi-

174 1203 292 1243 nibus
318 1202 552 1242 Libanianis
577 1204 618 1241 et
642 1201 866 1241 Proclianis
892 1201 1288 1252 comprehendentur.

838 1345 869 1385 I.

234 1418 339 1467 Iam,
370 1421 416 1457 ut
446 1418 557 1469 prius
589 1430 714 1470 genus
746 1417 927 1457 codicum
959 1417 1166 1467 adeamus,
1197 1417 1379 1468 signiferi
1408 1418 1538 1459 instar

174 1490 253 1517 non
280 1473 442 1528 quidem
468 1480 614 1527 aetate,
638 1477 707 1518 sed
732 1477 810 1517 fide
836 1480 897 1516 est
923 1476 1044 1516 codex

236 1552 272 1589 1.
298 1549 566 1589 Vaticanus
597 1563 656 1602 gr.
684 1551 769 1589 915
797 1545 862 1602 (·-—-
886 1544 943 1601 V)
975 1548 1104 1588 bomb.
1136 1544 1340 1600 miscell.¹)
1371 1550 1521 1588 formae
1535 1554 1606 1587 416

174 1613 249 1649 oct.
275 1609 367 1648 mai.
392 1621 444 1649 sc.
471 1609 565 1648 XIV
596 1609 665 1649 fol.
694 1610 775 1648 221
805 1612 847 1648 et
874 1609 957 1647 222
990 1608 1207 1659 inscriptus
1231 1605 1535 1661 ἔ]πιστολιμαῖσι

172 1674 421 1722 χαρακτῆρες.
459 1669 608 1719 Incipit
626 1668 758 1708 media
786 1669 828 1707 in
846 1668 964 1708 linea.
990 1667 1169 1708 Litterae
1187 1668 1364 1708 initiales
1381 1669 1534 1719 plerae-

173 1742 250 1780 que
275 1728 430 1778 desunt,
455 1728 574 1767 initia
597 1728 774 1779 finesque
800 1727 937 1767 crebro
963 1727 1096 1767 deleta
1120 1730 1216 1768 sunt
1239 1728 1409 1778 aliisque
1434 1727 1534 1768 locis

173 1789 373 1838 scriptura
403 1789 577 1827 evanuit.
623 1787 799 1828 Primum
833 1787 1039 1827 adhibitus
1071 1793 1133 1827 est
1166 1787 1217 1826 ab
1245 1787 1430 1836 Hinckio‚
1461 1788 1534 1838 qui

173 1861 261 1887 eum
295 1848 432 1886 littera
462 1847 500 1887 A
532 1847 745 1900 insignivit
775 1844 885 1900 (ann.
919 1847 1107 1887 Fleckeis.
1136 1848 1192 1887 98
1224 1842 1382 1900 (1869)
1412 1843 1531 1900 538).

173 1907 296 1947 Cuius
322 1907 535 1947 collatione
562 1908 864 1947 accuratissima
889 1920 1014 1957 aeque
1041 1911 1161 1958 atque
1187 1907 1438 1946 Weichertus
1462 1907 1534 1957 qui

172 1980 262 2006 eum
300 1967 436 2006 littera
475 1967 511 2005 V
545 1967 757 2019 insignivit
794 1964 850 2018 (p.
871 1964 1025 2018 XLIII)
1058 1978 1150 2006 usus
1182 1978 1282 2005 sum.
1328 1966 1360 2004 E
1401 1966 1439 2007 V
1465 1967 1532 2005 de-

171 2025 356 2076 scriptus,
381 2026 448 2065 sed
473 2028 621 2077 passim
648 2029 848 2066 correctus
873 2030 935 2065 est
959 2027 1082 2067 codex

233 2098 270 2136 2.
291 2096 649 2138 Laurentianus
671 2098 783 2137 LVII
803 2099 856 2138 34
885 2098 1009 2138 chart.
1030 2098 1181 2137 formae
1201 2099 1331 2148 quart.
1351 2097 1446 2139 min.
1465 2111 1518 2139 sc.
1532 2104 1601 2136 416

172 2156 245 2195 XV
264 2156 333 2197 fol.
357 2158 470 2196 1-6.
508 2158 724 2198 Adhibitus
751 2160 813 2197 est
838 2158 888 2197 ab
914 2157 1108 2202 Hinckio,
1132 2156 1202 2208 qui
1228 2170 1318 2196 eum
1342 2157 1480 2197 littera
1499 2157 1530 2196 P

173 2216 383 2268 insignivit
407 2212 464 2267 (p.
487 2212 605 2269 544).
641 2217 848 2257 Lectiones
874 2217 923 2255 ab
946 2217 1021 2255 hoc
1040 2229 1062 2255 e
1083 2216 1179 2256 Rud.
1202 2216 1388 2257 Schoellii
1408 2217 1529 2256 colla-

171 2275 281 2314 tione
306 2275 486 2326 prolatas
505 2276 757 2315 Weichertus
782 2273 839 2327 (p.
860 2275 1012 2327 XL111)
1038 2276 1185 2316 litteris
1203 2276 1267 2316 Lr
1284 2288 1379 2317 usus
1397 2276 1437 2315 in
1458 2288 1528 2327 ap-

171 2337 355 2384 paratum
381 2336 542 2386 recepit,
568 2349 641 2387 ego
666 2340 712 2375 ut
736 2338 866 2387 pretio
892 2337 1027 2386 privas
1052 2336 1212 2376 exulare
1236 2337 1346 2376 iussi.

236 2452 266 2494 1)
287 2448 505 2495 Descriptus
518 2451 576 2486 eat
588 2450 636 2486 ab
651 2450 812 2486 Hinckio
826 2461 911 2487 ann.
926 2450 1106 2487 Fleckeis.
1122 2454 1166 2486 97
1186 2453 1309 2496 (1868)
1326 2453 1525 2487 nto—339.
