1872 2924
359 206 444 251 150
659 207 1026 246 PROLEGOMENA
1050 209 1117 246 AD
1143 209 1403 247 EPISTULAS

353 297 394 334 et
413 297 500 336 410
518 297 624 337 inter
645 299 728 338 699
749 300 790 337 et
809 298 867 337 80
892 299 934 337 et
954 310 1015 349 ep.
1031 293 1161 352 956¹)
1182 300 1288 338 inter
1307 300 1392 339 957
1412 302 1453 340 et
1473 303 1600 342 1173.
1619 301 1716 342 Sin--

352 356 471 407 gulae
501 359 757 397 enumeratae
788 359 882 396 sunt
911 357 952 395 in
987 356 1099 397 Coxii
1131 357 1258 397 Gatal.
1287 360 1315 397 t.
1334 359 1357 398 I
1376 360 1474 399 499.
1517 361 1590 412 Ep.
1613 363 1712 402 127.

355 415 454 454 150.
483 416 565 455 167
592 416 680 456 sine
704 416 881 456 numeris
906 416 1070 456 relictae
1096 419 1199 456 sunt.
1236 417 1404 468 Inspexi.

413 473 503 513 Una
532 488 593 526 ep.
617 476 703 516 670
734 476 777 515 in
807 475 1136 527 apographum
1160 476 1584 528 Langbainianum
1607 473 1710 533 (ιη’)

353 534 394 572 et
427 545 478 573 ex
508 534 584 574 hoc
614 535 657 573 in
689 534 999 575 Olearianum
1029 529 1157 588 (314)
1189 537 1230 574 et
1260 536 1552 577 Wolfianum
1582 539 1712 578 trans·

353 594 512 643 sumpta
537 595 608 633 est.
650 593 710 633 cf.
735 594 843 634 infra
866 594 940 634 sub
966 607 1004 632 n.
1026 595 1272 635 158—160.

413 651 490 691 Sex
514 652 699 703 epistulis
729 653 889 693 aliunde
914 653 1075 693 insertis
1101 655 1260 694 auctam
1286 654 1561 695 collectionem
1584 655 1711 697 Laca-

352 711 564 761 penianam
589 714 817 752 truncatam
843 713 1002 752 exhibet
1026 712 1148 753 codex

281 793 349 825 568
414 783 511 823 154.
542 784 705 823 Musei
735 783 1041 823 Britannici
1071 784 1459 825 Arundelianus
1490 799 1551 838 gr.
1577 781 1709 827 517ss

352 841 475 887 chart,
500 843 652 882 formae
677 845 808 894 quart.
834 855 885 883 sc.
906 843 980 882 XV
1005 855 1031 882 a
1054 843 1232 884 Thema
1256 843 1524 884 Arundelio
1550 858 1711 897 compa·

350 902 477 951 ratus,
500 905 640 953 postea
669 903 849 954 Regiae
880 902 1207 942 Scientiarum
1239 902 1503 944 Societatis
1533 904 1710 944 Londi-

352 961 532 1011 nensis,
556 963 623 1000 cui
642 974 677 1000 a.
695 963 807 1001 1667
830 962 881 1001 ab
900 961 1108 1001 Henrico
1127 961 1333 1002 Howard
1353 962 1462 1003 Duce
1480 963 1711 1004 Norfolciae

351 1019 524 1060 donatus
544 1023 607 1060 est
629 1022 733 1061 teste
751 1021 1011 1072 inscriptione
1029 1021 1098 1061 fol.
1112 1023 1154 1060 1:
1178 1021 1263 1061 Soc.
1282 1022 1376 1070 Req.
1396 1022 1525 1062 Lond.
1545 1034 1592 1062 ex
1608 1023 1715 1063 demo-

350 1079 474 1119 Ham.
493 1080 674 1120 Howard
690 1075 1028 1134 Νονίοῑσίοπεὶεθ),
1046 1081 1116 1120 fol.
1137 1082 1190 1120 41
1213 1083 1254 1120 et
1274 1081 1461 1120 55—63.
1498 1082 1714 1133 Epistulae

349 1133 480 1178 oe—s'
504 1139 749 1179 collectionis
779 1139 1019 1191 initiumque
1047 1142 1182 1179 sextae
1206 1153 1285 1179 uno
1315 1140 1413 1180 folio
1445 1141 1590 1182 amisso
1621 1154 1708 1192 per-

349 1198 503 1248 ierunt3
526 1198 673 1250 incipit
697 1199 803 1238 enim
827 1199 895 1239 fol.
916 1200 970 1238 41
999 1199 1129 1238 verbis
1155 1198 1198 1239 οἱ
1219 1196 1262 1239 δὲ
1286 1198 1360 1250 τὴν
1384 1197 1506 1240 αὐτοῦ
1539 1213 1599 1251 ep.
1622 1201 1705 1241 331

351 1251 426 1310 (ς’)
453 1252 508 1311 (Χ
529 1259 628 1307 310,
650 1253 736 1310 16).
772 1258 1002 1310 Sequuntur
1031 1271 1090 1310 ep.
1111 1259 1133 1306 ζ
1156 1253 1221 1311 (-=
1242 1253 1482 1312 333)—2§'
1499 1255 1565 1307 (επ
1588 1257 1707 1313 109),

352 1316 419 1355 sed
443 1318 550 1356 inter
573 1313 611 1356 κ’
630 1314 694 1371 (=
717 1312 822 1370 754)
852 1330 1037 1369 eamque,
1068 1330 1171 1368 quae
1196 1318 1298 1357 hanc
1321 1317 1365 1357 in
1389 1318 1624 1358 collectione
1648 1332 1707 1359 se-

352 1375 491 1426 quitur
507 1380 658 1432 γαιανῷ
678 1374 744 1430 (-
761 1373 879 1431 780),
902 1378 1076 1416 insertae
1103 1378 1196 1416 sunt
1220 1390 1280 1427 ep.
1293 1372 1455 1422 ἰα-σις’
1473 1379 1707 1429 insignitae:

351 1447 492 1474 comm.
518 1449 578 1488 ep.
599 1431 690 1490 9⁴);
723 1438 850 1476 1236.
877 1438 974 1476 422.
1002 1437 1100 1477 388.
1126 1437 1224 1476 465.
1252 1437 1356 1486 354,
1383 1438 1444 1475 ita
1467 1438 1514 1475 ut
1537 1449 1708 1488 sequens

351 1495 596 1535 collectionis
616 1495 921 1546 Lacapenianae
945 1497 1102 1547 ep.780
1127 1507 1206 1534 non
1231 1507 1347 1534 suum
1365 1508 1574 1536 numerum
1592 1490 1709 1550 (κατ’),

351 1554 420 1593 sed
444 1554 568 1593 alium
591 1549 693 1608 (κζ’)
718 1556 834 1607 gerat
851 1554 1035 1606 idemque
1059 1555 1195 1594 valeat
1218 1555 1267 1594 de
1291 1554 1473 1605 epistulis
1498 1556 1707 1595 succeden-

353 1613 469 1654 tibus.
510 1614 604 1654 Alia
628 1627 723 1654 vero
747 1627 869 1653 manu
894 1614 1046 1665 scripta
1070 1615 1131 1653 est
1155 1613 1286 1653 media
1309 1615 1417 1654 inter
1442 1613 1601 1665 Synesii
1624 1616 1706 1666 epi-

352 1667 521 1727 stulu-⁶)
548 1686 609 1723 ep.
626 1675 680 1713 74
689 1668 737 1727 ⁶).
774 1674 948 1724 Inspexi.

409 1731 550 1772 Plures
569 1732 767 1784 epistulae
786 1733 954 1772 diversis
978 1733 1076 1772 locis
1101 1731 1306 1771 immixtae
1332 1734 1426 1771 sunt
1448 1733 1491 1772 in
1516 1733 1709 1785 eclogam,

352 1804 471 1842 quam
497 1792 657 1831 exhibet
681 1791 804 1833 codex

279 1871 349 1902 567
411 1863 510 1902 155.
540 1863 829 1903 Vaticanus
861 1876 928 1915 gr.
957 1857 1085 1916 711⁷)
1117 1863 1241 1901 chart.
1266 1862 1416 1902 formae
1447 1864 1523 1902 oct.
1554 1874 1607 1902 sc.
1631 1863 1706 1902 XV

351 1921 419 1960 fol.
441 1922 689 1962 137—174.
738 1922 822 1962 Sub
851 1922 1014 1961 initium
1048 1921 1211 1972 quidem
1242 1920 1419 1960 ordinem
1450 1921 1592 1961 tenuit.
1639 1921 1706 1961 In-

412 2013 446 2057 1)
472 2011 671 2057 Perper-am
696 2011 833 2048 Coxius
858 2011 974 2048 Catal.
995 2012 1019 2047 1.
1040 2012 1064 2047 l.
1091 2011 1245 2047 exhibet
1270 2014 1351 2046 871.

411 2060 447 2104 2)
470 2058 590 2095 Catal.
610 2059 653 2095 of
666 2071 851 2095 manuscr.
870 2059 911 2095 in
930 2060 995 2095 the
1012 2059 1104 2095 Brit.
1118 2058 1298 2094 Museum.
1331 2058 1421 2094 Part
1434 2058 1468 2093 1:
1488 2057 1567 2093 The
1585 2057 1706 2093 Arun-

352 2105 413 2141 del
437 2106 688 2152 manuscripts
713 2118 748 2152 p.
765 2110 846 2143 150.

411 2155 447 2198 3)
473 2153 633 2190 Videtur
657 2165 738 2190 esse
762 2154 864 2190 idem
889 2153 1007 2190 codex
1032 2154 1146 2199 atque
1171 2153 1204 2188 is
1228 2163 1340 2198 quem
1362 2151 1566 2199 catalogus
1590 2151 1706 2188 libro-

351 2211 433 2236 rum
451 2200 555 2237 MSS.
579 2202 617 2237 et
640 2201 906 2246 impressorum
925 2200 1103 2237 Biblioth.
1124 2200 1388 2236 Norfolcianae
1412 2199 1503 2235 olim
1522 2198 1706 2235 Arundel-

351 2247 477 2284 lianae
502 2248 551 2284 ab
571 2248 683 2285 Henr.
704 2248 747 2285 D.
767 2248 982 2285 Norfolciae
1005 2248 1132 2294 regiae
1150 2247 1323 2284 societati
1341 2246 1568 2283 Londinensi
1590 2246 1706 2282 dona-

352 2297 414 2331 tae
437 2295 599 2332 Londini
625 2300 715 2332 1681
745 2296 786 2332 in
811 2295 930 2333 Catal.
955 2295 1044 2332 Mss.
1071 2295 1179 2341 Angl.
1206 2297 1243 2331 et
1267 2294 1418 2330 Hibern.
1444 2295 1472 2329 t.
1490 2293 1525 2329 11
1553 2305 1590 2329 n.
1611 2297 1707 2330 3424

352 2342 422 2378 sub
446 2354 482 2379 n.
503 2347 590 2379 425:
622 2344 780 2380 Libanii
809 2344 981 2390 epistolae
1012 2343 1191 2390 quaedam
1215 2342 1265 2378 ad
1291 2343 1479 2378 Basiliam
1506 2340 1706 2377 recensuit.

412 2392 448 2435 4)
473 2390 577 2426 Infra
601 2391 670 2426 sub
695 2403 732 2426 n.
751 2393 834 2428 818.
1050 2391 1085 2435 5)
1110 2389 1208 2425 Fritz
1234 2393 1367 2435 366sq.

413 2440 448 2482 6)
472 2438 574 2473 Infra
599 2438 668 2474 sub
693 2451 729 2474 n.
750 2441 832 2478 240.
1049 2440 1084 2483 7)
1109 2436 1211 2473 Infra
1235 2436 1304 2472 sub
1329 2448 1366 2472 n.
1386 2439 1467 2471 404.
