1872 2924
312 223 404 266 234
618 219 985 258 PROLEGOMENA
1011 219 1079 256 AD
1104 219 1364 256 EPISTULAS

313 356 346 411 ς
372 351 433 399 16.
472 354 535 398 De
568 352 833 398 editionibus
868 350 1156 410 epistularum
1189 350 1259 397 vel
1292 313 1568 411 praeparatis
1598 351 1668 397 vel

518 423 697 479 effectis,
723 422 768 468 et
792 422 845 468 de
871 422 1056 469 consilio
1081 423 1210 468 buius
1235 422 1454 468 editionis.

376 512 565 564 Superest
582 513 630 550 ut
648 511 697 549 de
715 510 991 550 conaminibus
1016 509 1203 550 editionis
1227 510 1491 561 epistularum
1508 508 1667 550 Libanii

314 571 501 611 brevibus
526 571 730 610 disseram.
764 569 824 609 De
849 582 929 620 qua
955 569 1063 609 valet
1085 569 1224 620 paucis
1248 569 1416 609 mutatis
1440 568 1547 620 quod
1571 568 1667 608 olim

314 631 416 670 dixit
432 632 571 682 poeta:
594 629 710 669 illam
734 631 922 680 optavere
941 629 1117 679 plurimi,
1140 641 1427 679 praeparavere
1450 627 1580 680 multi,
1608 628 1670 667 in·

311 691 508 730 cohavere
531 691 669 741 pauci,
703 688 996 728 consummavit
1017 700 1134 728 unus.
1170 687 1229 727 Ac
1253 687 1334 726 iam
1360 687 1668 727 Franciscum

313 749 431 789 illum
457 748 809 788 Zambicarium
834 741 1169 801 Bononiensem¹)
1197 746 1379 798 epistulis
1403 746 1563 786 Libanii
1586 746 1673 787 col-.

313 809 485 861 ligendis
503 809 547 847 in
567 807 777 847 itineribus
797 808 973 858 quinque
998 818 1122 847 annos
1139 819 1213 858 per
1223 806 1387 845 Italiam
1405 807 1447 846 et
1461 804 1667 845 Graeciam

313 868 432 908 factis
445 881 608 919 operam
626 866 781 906 dedisse
798 865 1074 906 coniciendum
1093 867 1199 906 esset
1215 868 1262 905 ut
1280 865 1525 904 affirmatum
1539 868 1602 905 est
1617 864 1667 904 ab

314 931 476 966 auctore
500 926 741 966 recensionis
766 925 952 965 editionis
977 924 1198 965 Wolfianae
1223 937 1423 976 anonymo
1451 937 1553 975 quae
1576 937 1667 975 pro·

311 987 390 1026 diit
414 986 457 1027 iu
477 981 758 1036 Bibliotheque
784 981 1006 1024 Raisonnee
1031 984 1080 1024 de
1105 996 1250 1024 savaus
1275 983 1323 1023 de
1347 983 1536 1034 l'Europe
1558 985 1589 1023 t.
1611 984 1667 1022 24

313 1043 554 1101 (Amstelod.
571 1048 592 1085 1
603 1041 705 1098 740)
717 1058 757 1095 p.
767 1046 864 1094 181,
883 1046 919 1084 si
936 1043 1032 1084 fides
1044 1043 1228 1083 habenda
1248 1045 1353 1083 esset
1363 1043 1443 1094 ipsi
1454 1043 1497 1082 in
1510 1043 1667 1093 praefa-

311 1106 491 1146 tionibus
510 1105 757 1156 syllogarum
775 1104 1037 1154 epistularum
1055 1103 1274 1143 latinarum
1292 1102 1344 1142 ad
1360 1102 1553 1142 Ioannem
1567 1102 1668 1141 Ben-

313 1165 484 1205 tivolum
509 1163 797 1204 Bononiensem
830 1165 871 1202 et
895 1163 1127 1203 Fodericum
1157 1162 1295 1202 ducem
1319 1161 1464 1201 Urbini
1494 1173 1529 1202 a.
1551 1162 1667 1202 1473

311 1228 355 1264 et
383 1226 494 1264 1475
521 1225 751 1271 missarum,
784 1235 886 1273 quae
916 1222 1039 1262 verba
1071 1235 1119 1261 ex
1149 1222 1216 1262 Fr.
1234 1221 1368 1260 Zamb.
1389 1221 1474 1260 319
1507 1221 1548 1260 et
1581 1221 1666 1260 325

313 1285 485 1335 repetita
508 1295 630 1334 supra
647 1283 752 1333 p.59
778 1281 889 1332 typis
912 1281 1106 1333 impressi.
1132 1281 1211 1321 Sed
1233 1293 1376 1331 parum
1399 1280 1477 1319 fide
1500 1280 1667 1332 dignum

313 1356 399 1383 esse
424 1344 529 1383 hune
552 1342 752 1382 hominem
778 1343 819 1381 et
836 1341 933 1381 olim
951 1340 1108 1380 ostendi
1125 1343 1167 1380 et
1190 1352 1312 1390 supra
1329 1339 1512 1390 repetivi.
1542 1338 1669 1378 Novit

312 1405 441 1450 certo,
471 1403 641 1442 fortasse
672 1400 795 1440 etiam
826 1400 1040 1451 acquisivit
1069 1399 1243 1439 codicem
1267 1401 1408 1450 postea
1426 1398 1669 1438 Vaticanum

312 1464 370 1502 83
392 1457 491 1516 (V),
523 1462 593 1512 qui
622 1461 759 1511 plures
783 1460 893 1500 mille
920 1462 962 1500 et
985 1459 1225 1511 quingentas
1255 1458 1448 1509 epistulas
1478 1457 1668 1506 continet,

314 1522 484 1562 fortasse
509 1520 632 1560 etiam
657 1520 865 1570 descripsit
890 1532 939 1558 ex
961 1520 1037 1559 hoc
1059 1518 1390 1569 Neapolitanum,
1421 1516 1491 1557 sed
1513 1517 1557 1556 in
1581 1529 1668 1556 ver·

312 1581 434 1620 tendo
458 1593 539 1620 nou
562 1579 815 1629 Vaticanum,
839 1578 909 1618 sed
933 1591 1060 1617 unum
1078 1577 1368 1618 Bononiensem
1388 1576 1452 1616 vel
1471 1574 1668 1616 Dresden-

312 1653 398 1680 sem
421 1640 487 1679 vel
510 1638 687 1679 codicem
710 1650 799 1678 cum
823 1639 886 1677 his
911 1631 1168 1691 cognatum‘)
1192 1636 1412 1687 usurpavit.

373 1699 437 1738 Ab
471 1698 651 1738 Aldina
687 1697 1102 1749 epistolographorum
1135 1695 1309 1736 editione
1342 1708 1378 1735 a.
1410 1695 1523 1734 1499
1557 1694 1667 1734 foras

311 1759 410 1798 data
418 1753 453 1812 ⁸)
478 1758 661 1798 exclusae
687 1759 802 1796 erant
825 1756 1022 1807 epistulae
1050 1755 1219 1795 Libanii.

375 1819 473 1858 420.
498 1816 797 1856 Editionem
828 1815 1121 1867 principem
1151 1810 1218 1868 (=
1241 1808 1309 1867 pr)
1343 1826 1395 1853 sc.
1419 1812 1516 1853 XVI
1543 1824 1667 1863 supra

312 1891 351 1928 p.
368 1879 422 1917 79
436 1891 475 1916 n.
489 1877 543 1915 21
566 1875 775 1926 descripsi:
793 1875 926 1915 reddit
943 1875 1050 1914 enim
1068 1875 1150 1914 fere
1162 1873 1336 1914 codicem
1348 1871 1667 1912 Fonteblanden-

311 1949 398 1976 sem
420 1935 539 1976 hodie
558 1935 783 1975 Parisinum
805 1935 919 1974 2962
945 1947 967 1974 e
986 1934 1043 1974 Vo
1067 1934 1322 1984 descriptum,
1345 1931 1415 1972 sed
1438 1943 1563 1982 opera
1582 1931 1664 1970 iam

313 1996 356 2034 in
391 1995 564 2046 epistula
601 1995 684 2034 108
720 1994 849 2033 desiit.
894 1994 998 2034 Usus
1031 2005 1120 2034 sum
1151 1991 1368 2043 exemplari
1400 1990 1665 2030 bibliothecae

314 2055 593 2095 Berolinensis.

375 2113 475 2153 Cum
502 2114 579 2153 hac
603 2113 788 2153 cohaeret
811 2111 933 2151 editio
957 2112 1151 2152 versionis
1174 2110 1326 2150 latinae
1348 2110 1492 2148 harum
1515 2107 1666 2159 epistu-

313 2173 443 2212 larum
469 2172 623 2212 duobus
642 2173 763 2212 tomis
787 2170 1082 2222 comprehensa,
1105 2182 1274 2221 quorum
1298 2168 1410 2220 prior
1432 2167 1576 2218 quavis
1603 2167 1665 2206 in-

312 2232 530 2282 scriptione
548 2232 670 2280 caret,
694 2231 798 2270 alter
815 2230 858 2269 in
876 2229 1093 2281 exemplari
1110 2228 1358 2269 Beroliuensi
1374 2228 1504 2267 textui
1521 2238 1664 2278 graeco

311 2291 552 2331 antecedens
573 2291 678 2330 huuc
695 2289 817 2329 habet
832 2290 1018 2329 titulum:
1043 2288 1314 2338 Epi-stolarum
1334 2281 1340 2341 Ι
1360 2287 1527 2326 Libonis·
1543 2285 1667 2325 Liber

375 2370 410 2414 1)
435 2368 490 2405 Cf.
509 2367 605 2404 Ptol.
630 2379 666 2412 p.
686 2370 732 2403 68
745 2378 800 2412 eq.

374 2418 410 2461 2)
435 2415 490 2452 cf.
508 2415 681 2461 epistolas
704 2425 796 2461 quae
819 2413 919 2450 domi
941 2413 1234 2459 hospitabanm.

374 2467 410 2507 8)
435 2462 557 2508 Supra
579 2474 617 2509 p.
635 2465 706 2498 232
729 2473 767 2498 n.
785 2464 867 2497 416.
