1872 2924
325 228 414 271 204
630 227 997 265 PROLEGOMENA
1025 229 1091 264 AD
1116 229 1377 266 EPISTULAS

325 317 482 356 litteras
508 329 599 355 suas
625 317 768 367 quibus
792 318 943 356 luserat
966 323 1036 369 τῆς
1060 317 1300 369 φιλοσοφίας
1323 314 1366 358 τὸ
1390 318 1592 371 γνώρισμα
1611 333 1680 372 ap-

325 376 476 426 pellare
507 375 671 426 potuit?
709 376 791 415 Sub
815 378 979 415 initium
1006 388 1144 415 comm,
1165 390 1223 428 ep.
1247 379 1269 415 7
1297 376 1403 430 λύπη
1429 378 1533 418 idem
1558 380 1677 432 signi·

324 435 420 474 ficat
450 437 570 485 atque
601 432 711 488 ὀργή,
743 448 863 486 quam
898 436 1107 486 usurpavit
1137 437 1528 487 Theophylactus
1554 438 1680 478 Simo-

325 497 435 534 catta
459 495 501 532 in
521 494 638 533 initio
658 508 718 545 ep.
741 495 795 533 28
808 490 854 549 ¹),
880 494 985 545 quod
1004 507 1198 545 nusquam
1220 495 1325 545 apud
1344 496 1568 536 Libanium.
1599 498 1680 537 Ibi-

325 555 415 593 dem
435 551 511 604 (XI
533 555 630 604 581,
653 556 707 592 14
728 549 804 607 sq.)
825 556 960 605 aperte
979 555 1144 604 respicit
1161 555 1289 594 locum
1309 555 1417 595 Novi
1435 556 1681 596 Testamenti

326 608 459 666 (Paul.
480 626 539 663 ep.
560 614 611 652 ad
630 613 772 663 Ephes.
794 615 834 662 4,
854 612 943 667 26),
968 613 1080 653 cuius
1104 614 1161 652 rei
1187 615 1367 665 exempla
1391 615 1499 666 apud
1518 615 1678 655 Libani-

324 686 392 710 um
418 673 569 711 frustra
595 685 772 723 quaeres,
798 673 873 711 etsi
900 685 1011 712 secus
1036 674 1160 712 sensit
1185 673 1405 713 Sieversius
1428 677 1480 714 15
1507 677 1588 714 not.
1611 677 1679 715 33.

328 731 387 772 cf.
406 732 458 770 M.
481 731 685 782 Schwabe,
709 732 827 771 Anal.
849 732 1074 771 Libaniana
1101 733 1155 771 58
1181 735 1262 773 not.
1286 735 1322 772 1.

383 796 458 836 Vel
489 798 531 835 in
563 797 679 836 rebus
708 799 855 846 errant,
886 799 935 836 ut
959 810 1096 837 comm.
1124 811 1183 848 ep.
1210 799 1236 836 4
1262 798 1457 848 Alypium
1481 798 1679 839 Hieroclis

322 868 415 905 non,
439 857 509 906 qui
535 859 620 895 erat
646 856 859 895 secundum
886 870 945 907 ep.
967 858 1064 896 324.
1093 858 1206 896 1395
1231 857 1369 908 filium,
1401 858 1469 897 sed
1493 860 1679 909 nepotem

322 915 433 954 dicit.
468 914 580 961 Quod
607 928 667 966 ep.
688 918 714 954 4
735 918 776 954 et
797 917 820 954 6
846 916 1043 956 Basilium
1067 916 1215 956 multos
1236 916 1490 967 Cappadoces
1508 917 1679 957 Libanio

322 974 557 1014 erudiendos
578 975 731 1014 misisse
750 976 968 1024 contendit,
986 988 1073 1014 cum
1095 975 1182 1014 Lib.
1201 978 1228 1015 t.
1248 976 1307 1015 IV
1322 977 1420 1024 360,
1441 978 1466 1015 9
1486 976 1534 1015 de
1552 987 1679 1027 parvo

322 1047 487 1072 numero
513 1034 801 1084 discipulorum
821 1035 934 1073 illinc
954 1035 1004 1073 ad
1023 1035 1157 1084 ipsum
1176 1047 1474 1086 congressorum
1492 1035 1679 1086 loquente

321 1096 488 1145 pugnat.
530 1093 587 1132 Of.
620 1093 754 1133 Laube
788 1095 855 1133 37.
896 1093 972 1133 Vel
1003 1093 1216 1133 Libanium
1247 1095 1476 1145 loquentem
1510 1095 1679 1144 faciunt,

324 1165 426 1202 quae
458 1155 693 1203 neutiquam
718 1154 787 1192 ille
814 1153 924 1203 loqui
949 1153 1094 1204 potuit,
1126 1153 1239 1193 velut
1263 1166 1403 1193 comm.
1423 1167 1482 1204 ep.
1505 1156 1544 1204 2,
1567 1157 1679 1205 post-

323 1224 445 1262 quam
471 1213 674 1262 quaesivit
690 1213 730 1252 τί
745 1214 1034 1261 νῦν-παῖδαςς
1060 1208 1135 1265 (ΧΙ
1156 1214 1254 1262 574,
1275 1209 1410 1265 5-8)
1429 1215 1564 1265 pergit
1582 1214 1678 1253 haec

322 1272 643 1322 reprehendendo
670 1274 712 1310 et
730 1271 927 1311 Basilium
949 1274 995 1310 ut
1012 1272 1077 1311 dei
1096 1273 1288 1311 cultorem
1308 1272 1572 1322 praedicando
1592 1286 1678 1312 ver-

321 1330 384 1369 bis
410 1327 463 1378 ὡς
489 1328 745 1382 (δὲ-πολίτην
772 1327 840 1385 (ib.
868 1332 937 1370 lin.
965 1328 1143 1385 8—13).
1178 1332 1232 1370 Et
1255 1331 1360 1383 finge
1386 1332 1680 1383 aliquantisper

321 1389 535 1428 Libanium
556 1390 686 1430 dicere
705 1391 895 1441 potuisse,
920 1391 1027 1441 quod
1046 1392 1158 1430 extat
1175 1404 1234 1441 ep.
1253 1392 1279 1429 4
1299 1389 1342 1430 ἐν
1361 1390 1677 1444 κάλλει-κεκρά-

320 1462 414 1501 τηκε
438 1445 559 1501 (577,
579 1450 605 1488 8
626 1446 706 1502 sq.)
731 1450 796 1488 vel
821 1463 882 1500 ep.
906 1452 959 1489 12
986 1449 1023 1489 εἰ
1045 1448 1117 1501 μέν
1140 1449 1365 1500 τι-φιλίαν
1390 1448 1509 1502 (587,
1529 1445 1679 1504 3-5),

322 1521 526 1559 nunquam
559 1509 889 1549 declamationem
922 1508 1118 1549 δυσκόλου
1143 1508 1341 1561 γήμαντος
1365 1509 1484 1548 λάλον
1507 1512 1678 1562 γυναῖκα

323 1565 401 1620 (VI
418 1569 501 1607 494
516 1563 595 1622 sq.)
613 1569 758 1618 plausu
777 1569 957 1608 omnium
977 1570 1180 1619 exceptam
1199 1569 1363 1608 mittens
1382 1568 1536 1607 Basilio
1556 1570 1678 1619 scrip·

321 1627 440 1666 sisset
458 1639 498 1667 se
518 1628 660 1667 sudore
679 1640 841 1667 manare
861 1629 982 1678 atque
1001 1629 1169 1667 tremere
1187 1628 1297 1667 illius
1315 1627 1505 1666 iudicium
1521 1640 1677 1678 exspec-

321 1689 474 1725 tantem
507 1687 570 1726 vel
596 1699 637 1726 se
662 1699 752 1725 cum
778 1687 913 1735 culice,
946 1687 1141 1726 Basilium
1167 1700 1256 1726 cum
1282 1687 1495 1736 elephanto
1521 1699 1678 1737 compa-

321 1748 461 1794 rasset,
486 1748 535 1784 ut
557 1746 605 1785 fit
629 1758 768 1785 comm.
790 1759 850 1796 ep.
874 1747 942 1795 18,
966 1758 1013 1786 ac
1038 1759 1088 1785 ne
1111 1758 1225 1785 suum
1247 1745 1406 1796 quidem
1426 1747 1677 1796 aliorumque

321 1804 515 1844 iudicium
547 1818 572 1844 a
602 1805 756 1845 Basilio
788 1817 1021 1856 suspensum
1052 1806 1222 1854 fecisset,
1253 1807 1300 1844 ut
1322 1804 1369 1844 fit
1394 1818 1452 1856 ep.
1475 1807 1532 1844 20
1558 1802 1679 1856 (593,

326 1865 542 1914 15—594‚
565 1859 623 1918 2).
656 1864 764 1911 Quas
784 1864 976 1915 epistulas
996 1877 1086 1904 cum
1107 1864 1293 1904 Seeckius
1312 1865 1505 1916 genuinas
1524 1863 1677 1912 habuit,

321 1924 546 1973 penetralia
578 1925 733 1963 animae
757 1924 918 1963 Libanii
949 1936 991 1963 se
1021 1936 1100 1963 non
1130 1925 1301 1963 intrasse
1326 1923 1518 1963 ostendit:
1549 1923 1678 1962 multa

321 1983 364 2020 in
389 1982 452 2021 his
477 1995 603 2032 aeque
629 1986 749 2034 atque
774 1984 817 2022 in
842 1983 1007 2034 reliquis
1025 1983 1175 2023 mutuis
1195 1984 1335 2027 inesse,
1363 1995 1465 2032 quae
1484 1995 1574 2022 cum
1593 1983 1676 2033 epi—

321 2042 441 2081 stulis
466 2054 558 2081 vere
583 2042 817 2082 Libanianis
842 2043 1094 2092 conveniant,
1125 2055 1214 2081 cum
1241 2041 1403 2081 Seeckio
1431 2042 1486 2080 34
1511 2054 1583 2092 pro
1609 2054 1678 2080 au-

320 2101 478 2140 thentia
510 2101 651 2140 afferre
682 2114 762 2140 non
793 2102 898 2141 licet.
944 2102 1087 2141 Nonne
1117 2101 1222 2141 idem
1252 2102 1294 2139 in
1326 2100 1508 2151 epistulis
1537 2100 1678 2140 latinis

321 2159 569 2209 observatur,
582 2173 682 2210 quas
696 2173 721 2200 a
733 2161 873 2200 Franc.
888 2161 1136 2200 Zambicario
1149 2161 1376 2211 suppositas
1393 2172 1477 2199 esse
1490 2159 1677 2198 Seeckius

321 2220 406 2258 471
436 2218 657 2259 concessit?

381 2283 473 2324 Non
504 2284 633 2323 solum
657 2284 949 2324 Markowskius
977 2286 1018 2323 et
1041 2284 1230 2333 Laubius,
1260 2284 1330 2323 sed
1355 2284 1477 2322 etiam
1500 2282 1677 2322 Maasius

382 2411 419 2464 1)
441 2408 543 2492 {⁰⁴¹⁹
568 2409 733 2445 Hercher
758 2420 779 2445 e
804 2409 978 2445 Lanrent.
999 2413 1056 2455 86,
1077 2412 1099 2444 8
1129 2408 1233 2445 οὔπω
1251 2421 1295 2455 με
1313 2414 1378 2455 τῆς
1397 2408 1509 2455 ὀργῆς
1527 2406 1679 2454 ἀφῆκας

319 2467 454 2502 ncnpu
473 2484 481 2491 .
