1872 2924
320 222 405 264 122
620 221 986 258 PROLEGOMENA
1009 222 1076 258 AD
1101 221 1361 259 EPISTULAS

317 311 465 349 desinit
482 310 613 350 verbis
631 308 707 362 πρὸ
725 312 881 350 πολλῶν
900 309 1023 350 αὐτὸν
1034 308 1230 359 ἀποδείξει
1242 305 1297 365 (Χ
1311 311 1410 361 351,
1421 306 1480 364 8),
1498 312 1567 351 fol.
1578 312 1662 352 375

318 371 516 420 scriptura
542 372 659 409 vacat
689 372 730 409 et
759 369 827 408 fol.
849 370 933 409 376
966 369 1109 420 incipit
1131 369 1263 412 verbis
1286 372 1399 418 θεῖος
1423 367 1465 410 δὲ
1489 368 1666 411 ἐνταῦθα

316 428 446 482 ῥήτωρ
477 441 579 479 quae
610 430 704 468 sunt
733 429 886 468 mediae
918 429 1111 479 epistulae
1137 430 1223 469 320
1249 424 1303 482 (Χ
1324 430 1422 478 300,
1441 424 1527 483 12).
1562 430 1667 470 Item

318 501 379 539 ep.
401 489 452 527 21
482 484 547 542 (=
571 483 706 541 1304)
739 488 807 527 fol.
834 489 947 528 377*
981 488 1128 527 desinit
1156 488 1288 528 verbis
1319 487 1388 528 διὰ
1417 494 1531 528 τοῦτο
1561 488 1667 541 ἔφην

316 543 374 600 (Χ
392 543 563 600 369,2),
587 548 656 587 fol.
671 548 774 586 378¹
797 559 891 586 vero
914 547 1058 598 incipit
1081 547 1211 587 verbis
1236 545 1304 587 καὶ
1321 545 1479 601 ἀνδρῶν
1497 550 1666 600 κρατεῖν,

315 620 420 657 quae
439 608 533 646 sunt
549 607 705 645 mediae
724 606 918 657 epistulae
936 608 992 646 49
1007 602 1062 660 (Χ
1076 607 1146 656 48,
1160 602 1218 659 3).
1243 606 1347 646 Item
1365 620 1426 657 ep.
1441 609 1495 646 26
1510 603 1576 660 (=·
1590 605 1666 660 35)

318 666 387 705 fol.
409 667 518 705 379¹
552 666 698 705 desinit
728 666 859 705 verbis
890 665 1036 717 ταύτην
1069 665 1118 706 οὐ
1151 665 1312 717 φαύλην
1345 664 1419 717 τὴν
1450 665 1668 719 παράταξιν

315 721 373 778 (Χ
393 726 463 774 33,
479 721 567 778 14),
592 726 659 765 fol.
675 726 777 765 380ι
799 738 894 765 vero
918 726 1062 776 incipit
1085 725 1216 765 verbis
1241 724 1349 772 ὅσοις
1374 722 1447 775 μὲν
1470 724 1545 778 γὰρ
1563 737 1668 775 quae

316 786 412 823 sunt
436 784 612 824 Patrocli
636 784 936 824 declamationis
960 797 1040 824 non
1063 784 1226 824 Libanii
1248 784 1317 824 sed
1342 783 1515 824 Choricii
1539 779 1587 838 (t.
1610 784 1668 823 pv

321 846 418 893 100,
432 844 457 882 8
485 839 550 896 R.)
576 845 617 883 et
641 843 787 883 desinit
809 843 940 883 verbis
960 843 1136 883 eiusdem
1161 843 1459 884 declamationis
1477 842 1669 895 {pamach-

315 915 390 950 σας
420 902 526 959 αὐτῷ
558 902 826 956 κακοπραγίας
857 900 1057 942 ὠνείδισεν
1087 902 1264 954 ἥμαρτον
1295 897 1368 956 (ib.
1389 904 1489 952 102,
1509 898 1574 956 7),
1599 903 1667 944 fol.

319 963 402 1001 381
434 975 527 1002 vero
558 963 702 1013 incipit
737 962 869 1002 verbis
898 961 998 1016 πρὸς
1029 959 1070 1002 δὲ
1095 960 1214 1002 ἄλλον
1246 959 1365 1002 οὐδὲν
1395 960 1447 1001 ἂν
1473 961 1670 1014 γράψαιμι

317 1034 420 1071 quae
453 1022 644 1073 leguntur
679 1034 739 1072 ep.
769 1023 854 1062 409
893 1017 948 1074 (Χ
975 1022 1079 1072 405,
1106 1017 1164 1075 5).
1201 1021 1266 1060 Ad
1301 1035 1361 1072 ep.
1381 1022 1435 1061 36
1469 1016 1535 1075 (==
1561 1017 1668 1074 406)

317 1082 384 1121 fol.
412 1083 520 1121 3g4v
549 1082 593 1120 in
623 1081 801 1133 margine
832 1082 1027 1131 scriptum
1057 1083 1118 1120 est
1144 1085 1232 1120 τοῦ
1258 1080 1558 1131 σοφωτάτου
1583 1078 1671 1120 καὶ

316 1139 606 1192 λογιωτάτου
636 1139 838 1193 ῥήτορος
868 1146 950 1179 τοῦ
973 1140 1348 1192 κωνσταντίνου,
1380 1139 1488 1190 quod
1511 1152 1592 1179 non
1616 1139 1670 1178 ad

317 1200 431 1252 hanc,
450 1200 519 1239 sed
539 1200 590 1239 ad
608 1202 840 1250 sequentem
855 1200 1031 1250 pertinet
1044 1199 1257 1249 epistulam
1268 1198 1671 1239 Pseudolibanianam

318 1272 421 1309 quae
446 1259 590 1310 incipit
619 1257 756 1311 <Κ>αὶ
779 1264 850 1298 τοῦ
874 1258 1042 1306 κάλλους
1067 1256 1180 1298 ἕνεκα
1204 1264 1274 1310 τῆς
1298 1257 1504 1310 ἐπιστολῆς
1527 1256 1596 1297 καὶ
1619 1250 1670 1309 ἧς

317 1316 422 1370 ἡμᾶς
449 1316 600 1370 ἡδονῆς
625 1317 840 1370 ἐνέπλησας
863 1317 1024 1371 γράψας
1048 1316 1115 1357 καὶ
1139 1316 1287 1358 ἐπαινῶ
1306 1315 1371 1357 καὶ
1391 1319 1494 1368 φιλῶ
1513 1315 1579 1356 καὶ
1596 1315 1671 1368 τήν

316 1392 359 1430 γε
385 1376 509 1430 μέσην
532 1377 664 1430 χώραν
688 1382 758 1429 τῆς
782 1383 916 1429 ψυχῆς
934 1375 1132 1429 ἀπονέμω,
1157 1377 1269 1417 cuius
1288 1377 1330 1415 in
1348 1376 1529 1429 margine
1547 1377 1671 1427 scrip-

317 1441 405 1476 tum
424 1440 486 1477 est
505 1436 676 1489 ἰβανήου
694 1435 963 1489 ἀκθηνοδώρωτ
1011 1436 1145 1487 Atque
1159 1437 1257 1476 haec
1276 1438 1368 1476 ante
1386 1436 1505 1475 finem
1523 1434 1671 1475 desinit

318 1497 449 1536 verbis
473 1495 541 1537 καὶ
565 1494 698 1548 μένοις
715 1510 758 1549 γε
777 1494 842 1536 ἐπὶ
859 1495 1012 1543 τούτοις
1030 1494 1148 1543 καλός
1166 1509 1206 1535 τε
1225 1492 1283 1535 ὢν
1299 1493 1481 1548 κάγαθὸς
1497 1493 1565 1534 καὶ
1588 1497 1672 1542 τοῖς

316 1561 485 1596 συνοῦσι
509 1561 589 1595 τῶν
614 1555 743 1607 φίλων
767 1553 991 1607 ἐπικουρῶν
1015 1553 1063 1594 τὰ
1087 1554 1231 1606 εἰκότα,
1255 1553 1331 1607 ἐγὼ
1357 1552 1414 1607 δὲ,
1438 1553 1475 1594 εἰ
1497 1551 1583 1606 μὲν,
1603 1553 1670 1593 fol.

318 1617 423 1654 385¹
440 1627 534 1655 vero
552 1616 698 1666 incipit
714 1614 845 1654 verbis
865 1611 984 1654 οὐδὲν
1002 1613 1108 1667 ἱερόν
1126 1625 1227 1664 φασι
1243 1627 1303 1665 ep.
1319 1615 1401 1653 351
1425 1608 1480 1667 (X
1499 1615 1598 1663 329,
1611 1608 1671 1666 8).

319 1675 391 1725 Ep.
413 1676 469 1715 53
488 1669 554 1727 (ε-
571 1669 646 1728 66)
670 1674 738 1713 fol.
760 1675 866 1713 392*
891 1673 1040 1713 desinit
1063 1673 1194 1714 verbis
1223 1673 1452 1725 πεποίηται,
1482 1671 1536 1724 μκὴ
1562 1674 1671 1723 φθο-

318 1737 402 1773 νεῖν
427 1730 483 1787 (Χ
503 1734 572 1783 66,
587 1731 647 1785 9),
671 1734 740 1773 fol.
761 1734 864 1773 393²
887 1745 981 1772 vero
1004 1733 1148 1783 incipit
1171 1732 1304 1772 verbis
1327 1731 1365 1772 εἰ
1381 1729 1454 1784 μὲν
1472 1725 1548 1772 οὖν
1566 1730 1672 1779 ὅστις

317 1791 468 1845 ἠτιάθη
494 1806 554 1843 ep.
577 1794 660 1833 105
687 1788 743 1846 (X
764 1793 861 1844 105,
884 1790 965 1844 13).

380 1859 440 1897 Ex
463 1859 538 1897 hoc
562 1858 784 1908 descriptus
810 1859 870 1896 est
895 1857 1016 1897 codex

245 1927 316 1960 533
381 1924 447 1964 93.
472 1923 737 1962 bibliothecae
754 1921 1107 1973 patriarchalis
1131 1922 1611 1971 Hierosolymitanae
1630 1919 1670 1959 S.

320 1983 544 2033 sepulcri
565 1983 649 2021 276
676 1982 801 2021 chart.
820 1981 972 2020 formae
992 1983 1121 2031 quart.
1142 1978 1482 2031 sc.XV11lXVIII
1499 1979 1569 2019 fol.
1584 1980 1670 2019 264

320 2043 478 2082 -293.
521 2042 579 2081 Ut
607 2043 690 2080 iam
717 2054 797 2080 non
821 2041 957 2080 omnia
987 2053 1029 2080 se
1053 2041 1184 2092 legere
1214 2041 1391 2091 potuisse
1415 2039 1604 2079 librarius
1627 2039 1672 2077 in

318 2100 608 2152 subscriptione
638 2101 706 2140 fol.
728 2101 812 2140 293
841 2101 927 2150 ipse
957 2101 1145 2140 testatur:
1177 2099 1362 2151 εὕρηνται
1391 2096 1500 2151 παρὰ
1528 2097 1671 2145 ταύτας

318 2170 385 2211 καὶ
416 2170 539 2225 ἕτεραι
566 2177 637 2213 τοῦ
671 2170 794 2211 αὐτοῦ
825 2169 1006 2223 λιβανίου
1036 2168 1235 2210 ἐπιστολαὶ
1260 2169 1330 2209 τὸν
1353 2167 1530 2223 ἀριθμὸν
1553 2154 1671 2222 313¹)

318 2229 363 2270 ἐν
387 2237 435 2287 τῇ
461 2235 563 2286 μονῇ
589 2236 660 2283 τῆς
684 2229 798 2283 ἁγίας
822 2229 980 2282 τριάδος
1003 2235 1074 2269 τοῦ
1097 2227 1288 2283 ἐσόπτρου
1313 2227 1357 2268 ἐν
1380 2234 1428 2283 τῇ
1453 2227 1575 2284 χάλκῃ
1597 2225 1670 2278 νή-

317 2298 392 2345 σῳ·
417 2288 732 2343 ἀναγνωσθῆναι
758 2288 863 2341 ὅμως
887 2287 1038 2336 ἐκείνας
1063 2288 1191 2336 πάσας
1216 2287 1291 2328 οὐκ
1313 2282 1367 2340 ἧν
1391 2284 1577 2338 δυνατόν,
1604 2284 1671 2325 διὰ

317 2454 337 2487 t
383 2405 416 2450 1)
441 2404 554 2498 lgr-ror
577 2405 635 2440 est
658 2402 814 2447 librarii,
838 2414 926 2439 nam
950 2403 992 2439 in
1015 2401 1185 2449 margdne
1209 2400 1350 2438 codici·
1375 2398 1552 2436 Chalceni
1574 2397 1672 2444 legi·

339 2464 382 2486 ur
406 2465 449 2496 ρο
496 2480 503 2487 .
