<?xml version="1.0" encoding="UTF-8"?>
<!DOCTYPE html PUBLIC "-//W3C//DTD XHTML 1.0 Transitional//EN"
    "http://www.w3.org/TR/xhtml1/DTD/xhtml1-transitional.dtd">
<html xmlns="http://www.w3.org/1999/xhtml" xml:lang="en" lang="en">
 <head>
  <title>
</title>
<meta http-equiv="Content-Type" content="text/html;charset=utf-8" />
  <meta name='ocr-system' content='tesseract 3.04.00' />
  <meta name='ocr-capabilities' content='ocr_page ocr_carea ocr_par ocr_line ocrx_word'/>
</head>
<body>
  <div class='ocr_page' id='page_1' title='image "./operarecensuitri09libauoft_0105.png"; bbox 0 0 1872 2924; ppageno 0'>
   <div class='ocr_carea' id='block_1_1' title="bbox 457 210 1517 257">
    <p class='ocr_par' dir='ltr' id='par_1_1' title="bbox 457 210 1517 257">
     <span class='ocr_line' id='line_1_1' title="bbox 457 210 1517 257; baseline 0.008 -9"><span class='ocrx_word' id='word_1_1' title='bbox 457 214 478 256; x_wconf 64' lang='grc' dir='ltr'><strong>ς</strong></span> <span class='ocrx_word' id='word_1_2' title='bbox 497 215 531 248; x_wconf 73' lang='grc'><strong>8.</strong></span> <span class='ocrx_word' id='word_1_3' title='bbox 563 210 628 248; x_wconf 79' lang='lat' dir='ltr'><strong>DB</strong></span> <span class='ocrx_word' id='word_1_4' title='bbox 653 210 828 250; x_wconf 71' lang='lat' dir='ltr'><strong>comen</strong></span> <span class='ocrx_word' id='word_1_5' title='bbox 852 211 1031 257; x_wconf 73' lang='lat' dir='ltr'><strong>MOSQU.</strong></span> <span class='ocrx_word' id='word_1_6' title='bbox 1051 212 1129 251; x_wconf 75' lang='lat' dir='ltr'><strong>Ga.</strong></span> <span class='ocrx_word' id='word_1_7' title='bbox 1147 215 1219 251; x_wconf 71' lang='lat'><strong>450</strong></span> <span class='ocrx_word' id='word_1_8' title='bbox 1460 212 1517 257; x_wconf 82' lang='grc'>91</span> 
     </span>
    </p>
   </div>
   <div class='ocr_carea' id='block_1_2' title="bbox 154 299 1531 2326">
    <p class='ocr_par' dir='ltr' id='par_1_2' title="bbox 154 299 1527 1849">
     <span class='ocr_line' id='line_1_2' title="bbox 155 299 1519 352; baseline 0 -10"><span class='ocrx_word' id='word_1_9' title='bbox 155 301 356 342; x_wconf 66' lang='lat' dir='ltr'><strong>atui-rum</strong></span> <span class='ocrx_word' id='word_1_10' title='bbox 380 299 553 350; x_wconf 82' lang='lat' dir='ltr'><strong>Libanii,</strong></span> <span class='ocrx_word' id='word_1_11' title='bbox 576 301 751 352; x_wconf 79' lang='lat' dir='ltr'><strong>priorem</strong></span> <span class='ocrx_word' id='word_1_12' title='bbox 775 301 844 342; x_wconf 78' lang='lat' dir='ltr'><strong>fol.</strong></span> <span class='ocrx_word' id='word_1_13' title='bbox 867 303 1116 352; x_wconf 74' lang='lat'>283—378,</span> <span class='ocrx_word' id='word_1_14' title='bbox 1140 303 1308 343; x_wconf 85' lang='lat' dir='ltr'><strong>alteram</strong></span> <span class='ocrx_word' id='word_1_15' title='bbox 1335 302 1404 342; x_wconf 83' lang='lat' dir='ltr'><strong>fol.</strong></span> <span class='ocrx_word' id='word_1_16' title='bbox 1431 301 1519 342; x_wconf 77' lang='grc'><strong>379</strong></span> 
     </span>
     <span class='ocr_line' id='line_1_3' title="bbox 159 359 1520 416; baseline 0.001 -16"><span class='ocrx_word' id='word_1_17' title='bbox 159 361 318 401; x_wconf 74' lang='grc'>-416,</span> <span class='ocrx_word' id='word_1_18' title='bbox 343 359 459 400; x_wconf 87' lang='lat' dir='ltr'>Prior</span> <span class='ocrx_word' id='word_1_19' title='bbox 481 359 686 400; x_wconf 83' lang='lat' dir='ltr'><strong>rubricata</strong></span> <span class='ocrx_word' id='word_1_20' title='bbox 710 363 773 401; x_wconf 87' lang='lat' dir='ltr'><strong>est</strong></span> <span class='ocrx_word' id='word_1_21' title='bbox 795 359 1042 401; x_wconf 80' lang='grc' dir='ltr'><strong><em>ἐπιστολαὶ</em></strong></span> <span class='ocrx_word' id='word_1_22' title='bbox 1069 363 1294 414; x_wconf 77' lang='grc' dir='ltr'><strong><em>λιβανίου</em></strong></span> <span class='ocrx_word' id='word_1_23' title='bbox 1318 361 1520 416; x_wconf 76' lang='grc' dir='ltr'><strong><em>ῥήτορος</em></strong></span> 
     </span>
     <span class='ocr_line' id='line_1_4' title="bbox 157 420 1521 475; baseline 0 -14"><span class='ocrx_word' id='word_1_24' title='bbox 157 420 238 461; x_wconf 73' lang='grc' dir='ltr'><strong>καὶ</strong></span> <span class='ocrx_word' id='word_1_25' title='bbox 262 423 518 471; x_wconf 79' lang='grc' dir='ltr'><strong><em>σοφιστοῦ,</em></strong></span> <span class='ocrx_word' id='word_1_26' title='bbox 538 420 667 460; x_wconf 81' lang='lat' dir='ltr'><strong>altera</strong></span> <span class='ocrx_word' id='word_1_27' title='bbox 690 420 920 473; x_wconf 79' lang='grc' dir='ltr'><strong><em>λιβανίου</em></strong></span> <span class='ocrx_word' id='word_1_28' title='bbox 946 425 1183 473; x_wconf 81' lang='grc' dir='ltr'><strong><em>σοφιστοῦ</em></strong></span> <span class='ocrx_word' id='word_1_29' title='bbox 1208 420 1288 461; x_wconf 74' lang='grc' dir='ltr'><strong>καὶ</strong></span> <span class='ocrx_word' id='word_1_30' title='bbox 1312 420 1521 475; x_wconf 68' lang='grc' dir='ltr'><strong><em>ῥήτορος</em></strong></span> 
     </span>
     <span class='ocr_line' id='line_1_5' title="bbox 156 477 1520 535; baseline -0.001 -14"><span class='ocrx_word' id='word_1_31' title='bbox 156 479 417 521; x_wconf 72' lang='grc' dir='ltr'><strong><em>ἐπιστολαί.</em></strong></span> <span class='ocrx_word' id='word_1_32' title='bbox 449 480 576 528; x_wconf 84' lang='lat' dir='ltr'>Prior,</span> <span class='ocrx_word' id='word_1_33' title='bbox 601 493 704 531; x_wconf 82' lang='lat' dir='ltr'><strong>quae</strong></span> <span class='ocrx_word' id='word_1_34' title='bbox 729 481 794 520; x_wconf 87' lang='lat' dir='ltr'><strong>hic</strong></span> <span class='ocrx_word' id='word_1_35' title='bbox 818 482 860 520; x_wconf 91' lang='lat' dir='ltr'><strong>in</strong></span> <span class='ocrx_word' id='word_1_36' title='bbox 885 494 1046 521; x_wconf 89' lang='lat' dir='ltr'><strong>censum</strong></span> <span class='ocrx_word' id='word_1_37' title='bbox 1072 483 1182 522; x_wconf 87' lang='lat' dir='ltr'><strong>venit</strong></span> <span class='ocrx_word' id='word_1_38' title='bbox 1202 478 1267 535; x_wconf 92' lang='lat'><strong>(-</strong></span> <span class='ocrx_word' id='word_1_39' title='bbox 1285 477 1409 535; x_wconf 60' lang='lat' dir='ltr'><strong>Men),</strong></span> <span class='ocrx_word' id='word_1_40' title='bbox 1428 493 1520 520; x_wconf 92' lang='lat' dir='ltr'><strong>con·</strong></span> 
     </span>
     <span class='ocr_line' id='line_1_6' title="bbox 154 540 1522 593; baseline 0 -12"><span class='ocrx_word' id='word_1_41' title='bbox 154 541 262 581; x_wconf 88' lang='lat' dir='ltr'><strong>tinet</strong></span> <span class='ocrx_word' id='word_1_42' title='bbox 278 553 340 591; x_wconf 86' lang='lat' dir='ltr'><strong>ep.</strong></span> <span class='ocrx_word' id='word_1_43' title='bbox 355 540 603 590; x_wconf 82' lang='lat'>615—858,</span> <span class='ocrx_word' id='word_1_44' title='bbox 622 540 648 583; x_wconf 90' lang='lat' dir='ltr'><strong>i.</strong></span> <span class='ocrx_word' id='word_1_45' title='bbox 667 553 700 580; x_wconf 90' lang='lat' dir='ltr'><strong>e.</strong></span> <span class='ocrx_word' id='word_1_46' title='bbox 719 541 914 591; x_wconf 80' lang='lat' dir='ltr'><strong>epistulas</strong></span> <span class='ocrx_word' id='word_1_47' title='bbox 934 541 1082 581; x_wconf 88' lang='lat' dir='ltr'><strong>electas</strong></span> <span class='ocrx_word' id='word_1_48' title='bbox 1101 554 1148 582; x_wconf 84' lang='lat' dir='ltr'><strong>ex</strong></span> <span class='ocrx_word' id='word_1_49' title='bbox 1167 540 1400 593; x_wconf 76' lang='lat' dir='ltr'><strong>appendice,</strong></span> <span class='ocrx_word' id='word_1_50' title='bbox 1419 553 1522 592; x_wconf 76' lang='lat' dir='ltr'><strong>quae</strong></span> 
     </span>
     <span class='ocr_line' id='line_1_7' title="bbox 156 598 1522 653; baseline 0 -13"><span class='ocrx_word' id='word_1_51' title='bbox 156 601 199 640; x_wconf 92' lang='lat' dir='ltr'><strong>in</strong></span> <span class='ocrx_word' id='word_1_52' title='bbox 233 600 294 640; x_wconf 80' lang='lat' dir='ltr'><strong>Va</strong></span> <span class='ocrx_word' id='word_1_53' title='bbox 324 612 448 639; x_wconf 84' lang='lat' dir='ltr'><strong>manu</strong></span> <span class='ocrx_word' id='word_1_54' title='bbox 477 599 652 640; x_wconf 85' lang='lat' dir='ltr'><strong>secunda</strong></span> <span class='ocrx_word' id='word_1_55' title='bbox 681 600 876 651; x_wconf 85' lang='lat' dir='ltr'><strong>inscripta</strong></span> <span class='ocrx_word' id='word_1_56' title='bbox 905 603 966 640; x_wconf 86' lang='lat' dir='ltr'><strong>est</strong></span> <span class='ocrx_word' id='word_1_57' title='bbox 990 601 1147 653; x_wconf 78' lang='grc' dir='ltr'><strong><em>βιβλίον</em></strong></span> <span class='ocrx_word' id='word_1_58' title='bbox 1173 598 1219 653; x_wconf 67' lang='grc' dir='ltr'><strong>ξ,</strong></span> <span class='ocrx_word' id='word_1_59' title='bbox 1251 601 1292 641; x_wconf 88' lang='lat' dir='ltr'><strong>in</strong></span> <span class='ocrx_word' id='word_1_60' title='bbox 1327 600 1381 639; x_wconf 89' lang='lat' dir='ltr'><strong>Vo</strong></span> <span class='ocrx_word' id='word_1_61' title='bbox 1411 598 1522 653; x_wconf 74' lang='grc' dir='ltr'><strong><em>ἑτέρα</em></strong></span> 
     </span>
     <span class='ocr_line' id='line_1_8' title="bbox 156 658 1521 713; baseline 0 -14"><span class='ocrx_word' id='word_1_62' title='bbox 156 658 280 713; x_wconf 72' lang='grc' dir='ltr'><strong>ἀρχή,</strong></span> <span class='ocrx_word' id='word_1_63' title='bbox 305 662 426 711; x_wconf 87' lang='lat' dir='ltr'><strong>atque</strong></span> <span class='ocrx_word' id='word_1_64' title='bbox 456 660 516 699; x_wconf 91' lang='lat' dir='ltr'><strong>ita</strong></span> <span class='ocrx_word' id='word_1_65' title='bbox 541 659 718 711; x_wconf 86' lang='lat' dir='ltr'><strong>quidem,</strong></span> <span class='ocrx_word' id='word_1_66' title='bbox 741 662 787 699; x_wconf 89' lang='lat' dir='ltr'><strong>ut</strong></span> <span class='ocrx_word' id='word_1_67' title='bbox 812 672 938 711; x_wconf 88' lang='lat' dir='ltr'><strong>aeque</strong></span> <span class='ocrx_word' id='word_1_68' title='bbox 958 663 1080 711; x_wconf 87' lang='lat' dir='ltr'><strong>atque</strong></span> <span class='ocrx_word' id='word_1_69' title='bbox 1098 662 1140 700; x_wconf 90' lang='lat' dir='ltr'><strong>in</strong></span> <span class='ocrx_word' id='word_1_70' title='bbox 1169 662 1229 701; x_wconf 84' lang='lat' dir='ltr'><strong>Va</strong></span> <span class='ocrx_word' id='word_1_71' title='bbox 1238 661 1294 701; x_wconf 89' lang='lat' dir='ltr'><strong>Vo</strong></span> <span class='ocrx_word' id='word_1_72' title='bbox 1311 661 1418 700; x_wconf 73' lang='lat' dir='ltr'><strong>inter</strong></span> <span class='ocrx_word' id='word_1_73' title='bbox 1434 660 1521 700; x_wconf 76' lang='lat'><strong>646</strong></span> 
     </span>
     <span class='ocr_line' id='line_1_9' title="bbox 158 719 1524 773; baseline -0.001 -12"><span class='ocrx_word' id='word_1_74' title='bbox 158 723 200 761; x_wconf 86' lang='lat' dir='ltr'><strong>et</strong></span> <span class='ocrx_word' id='word_1_75' title='bbox 225 719 311 759; x_wconf 79' lang='lat'><strong>648</strong></span> <span class='ocrx_word' id='word_1_76' title='bbox 336 720 497 772; x_wconf 80' lang='lat' dir='ltr'><strong>legatur</strong></span> <span class='ocrx_word' id='word_1_77' title='bbox 522 720 620 759; x_wconf 86' lang='grc'>647.</span> <span class='ocrx_word' id='word_1_78' title='bbox 657 719 755 759; x_wconf 88' lang='lat' dir='ltr'><strong>Inde</strong></span> <span class='ocrx_word' id='word_1_79' title='bbox 780 732 805 759; x_wconf 84' lang='lat' dir='ltr'><strong>a</strong></span> <span class='ocrx_word' id='word_1_80' title='bbox 829 733 951 759; x_wconf 87' lang='lat' dir='ltr'><strong>manu</strong></span> <span class='ocrx_word' id='word_1_81' title='bbox 975 720 1149 761; x_wconf 85' lang='lat' dir='ltr'><strong>secunda</strong></span> <span class='ocrx_word' id='word_1_82' title='bbox 1167 722 1210 760; x_wconf 84' lang='lat' dir='ltr'><strong>in</strong></span> <span class='ocrx_word' id='word_1_83' title='bbox 1229 721 1410 773; x_wconf 76' lang='lat' dir='ltr'><strong>margine</strong></span> <span class='ocrx_word' id='word_1_84' title='bbox 1427 721 1524 760; x_wconf 80' lang='lat' dir='ltr'><strong>sunt</strong></span> 
     </span>
     <span class='ocr_line' id='line_1_10' title="bbox 157 773 1524 833; baseline 0 -14"><span class='ocrx_word' id='word_1_85' title='bbox 157 779 386 820; x_wconf 71' lang='lat' dir='ltr'><strong>rubricatae</strong></span> <span class='ocrx_word' id='word_1_86' title='bbox 409 773 456 833; x_wconf 84' lang='grc' dir='ltr'><strong>(β</strong></span> <span class='ocrx_word' id='word_1_87' title='bbox 476 800 531 807; x_wconf 90' lang='grc'><strong>-</strong></span> <span class='ocrx_word' id='word_1_88' title='bbox 552 775 667 832; x_wconf 69' lang='grc' dir='ltr'><strong><em>σμ’).</em></strong></span> <span class='ocrx_word' id='word_1_89' title='bbox 706 779 861 819; x_wconf 87' lang='lat' dir='ltr'><strong>Ultima</strong></span> <span class='ocrx_word' id='word_1_90' title='bbox 892 775 1015 833; x_wconf 69' lang='grc' dir='ltr'><strong>(σμέ)</strong></span> <span class='ocrx_word' id='word_1_91' title='bbox 1050 793 1140 820; x_wconf 90' lang='lat' dir='ltr'><strong>oum</strong></span> <span class='ocrx_word' id='word_1_92' title='bbox 1167 781 1235 820; x_wconf 84' lang='lat' dir='ltr'><strong>fol.</strong></span> <span class='ocrx_word' id='word_1_93' title='bbox 1257 781 1343 820; x_wconf 83' lang='grc'><strong>378</strong></span> <span class='ocrx_word' id='word_1_94' title='bbox 1375 779 1524 820; x_wconf 87' lang='lat' dir='ltr'><strong>desinit</strong></span> 
     </span>
     <span class='ocr_line' id='line_1_11' title="bbox 158 834 1521 893; baseline -0.001 -14"><span class='ocrx_word' id='word_1_95' title='bbox 158 839 291 880; x_wconf 78' lang='lat' dir='ltr'><strong>verbis</strong></span> <span class='ocrx_word' id='word_1_96' title='bbox 315 835 343 891; x_wconf 71' lang='grc' dir='ltr'><em>ἢ</em></span> <span class='ocrx_word' id='word_1_97' title='bbox 368 845 522 879; x_wconf 80' lang='grc' dir='ltr'><strong><em>σιωπᾶν</em></strong></span> <span class='ocrx_word' id='word_1_98' title='bbox 546 836 701 893; x_wconf 78' lang='grc' dir='ltr'><em>ἀνάγκη</em></span> <span class='ocrx_word' id='word_1_99' title='bbox 734 834 811 890; x_wconf 89' lang='grc' dir='ltr'><strong>(ΧΙ</strong></span> <span class='ocrx_word' id='word_1_100' title='bbox 834 841 900 889; x_wconf 89' lang='lat'><strong>15,</strong></span> <span class='ocrx_word' id='word_1_101' title='bbox 923 834 1017 892; x_wconf 86' lang='lat' dir='ltr'><strong>2o);</strong></span> <span class='ocrx_word' id='word_1_102' title='bbox 1049 840 1149 880; x_wconf 91' lang='lat' dir='ltr'><strong>folia</strong></span> <span class='ocrx_word' id='word_1_103' title='bbox 1173 839 1402 891; x_wconf 85' lang='lat' dir='ltr'><strong>sequentia,</strong></span> <span class='ocrx_word' id='word_1_104' title='bbox 1434 838 1521 890; x_wconf 85' lang='lat' dir='ltr'><strong>qui-</strong></span> 
     </span>
     <span class='ocr_line' id='line_1_12' title="bbox 157 895 1523 952; baseline -0.001 -13"><span class='ocrx_word' id='word_1_105' title='bbox 157 899 232 939; x_wconf 82' lang='lat' dir='ltr'><strong>bus</strong></span> <span class='ocrx_word' id='word_1_106' title='bbox 261 899 353 939; x_wconf 83' lang='lat' dir='ltr'><strong>finis</strong></span> <span class='ocrx_word' id='word_1_107' title='bbox 383 899 501 938; x_wconf 83' lang='lat' dir='ltr'><strong>huius</strong></span> <span class='ocrx_word' id='word_1_108' title='bbox 527 898 724 950; x_wconf 73' lang='lat' dir='ltr'><strong>epistulae</strong></span> <span class='ocrx_word' id='word_1_109' title='bbox 749 901 791 938; x_wconf 86' lang='lat' dir='ltr'><strong>et</strong></span> <span class='ocrx_word' id='word_1_110' title='bbox 814 899 991 950; x_wconf 89' lang='lat' dir='ltr'><strong>reliquae</strong></span> <span class='ocrx_word' id='word_1_111' title='bbox 1018 906 1114 952; x_wconf 59' lang='lat'><strong>(6443</strong></span> <span class='ocrx_word' id='word_1_112' title='bbox 1130 895 1313 952; x_wconf 69' lang='lat' dir='ltr'><strong>—vmy&#39;)</strong></span> <span class='ocrx_word' id='word_1_113' title='bbox 1346 900 1523 939; x_wconf 82' lang='lat' dir='ltr'><strong>contine-</strong></span> 
     </span>
     <span class='ocr_line' id='line_1_13' title="bbox 158 955 1525 1010; baseline -0.001 -11"><span class='ocrx_word' id='word_1_114' title='bbox 158 960 323 1010; x_wconf 80' lang='lat' dir='ltr'><strong>bantur,</strong></span> <span class='ocrx_word' id='word_1_115' title='bbox 352 960 567 1010; x_wconf 84' lang='lat' dir='ltr'><strong>perierunt.</strong></span> <span class='ocrx_word' id='word_1_116' title='bbox 604 958 651 998; x_wconf 93' lang='lat' dir='ltr'><strong>In</strong></span> <span class='ocrx_word' id='word_1_117' title='bbox 687 958 889 1010; x_wconf 87' lang='lat' dir='ltr'><strong>plerisque</strong></span> <span class='ocrx_word' id='word_1_118' title='bbox 920 971 1010 998; x_wconf 88' lang='lat' dir='ltr'><strong>cum</strong></span> <span class='ocrx_word' id='word_1_119' title='bbox 1055 955 1114 998; x_wconf 84' lang='lat' dir='ltr'><strong>Va</strong></span> <span class='ocrx_word' id='word_1_120' title='bbox 1124 959 1179 998; x_wconf 89' lang='lat' dir='ltr'><strong>Vo</strong></span> <span class='ocrx_word' id='word_1_121' title='bbox 1211 958 1310 999; x_wconf 81' lang='lat' dir='ltr'><strong>facit</strong></span> <span class='ocrx_word' id='word_1_122' title='bbox 1339 959 1452 998; x_wconf 85' lang='lat' dir='ltr'><strong>velut</strong></span> <span class='ocrx_word' id='word_1_123' title='bbox 1482 959 1525 997; x_wconf 92' lang='lat' dir='ltr'><strong>in</strong></span> 
     </span>
     <span class='ocr_line' id='line_1_14' title="bbox 159 1011 1524 1072; baseline -0.001 -13"><span class='ocrx_word' id='word_1_124' title='bbox 159 1018 291 1059; x_wconf 77' lang='lat' dir='ltr'><strong>verbis</strong></span> <span class='ocrx_word' id='word_1_125' title='bbox 309 1017 358 1059; x_wconf 81' lang='grc' dir='ltr'><strong>τὰ</strong></span> <span class='ocrx_word' id='word_1_126' title='bbox 376 1016 474 1058; x_wconf 75' lang='grc' dir='ltr'><strong><em>ἄλλα</em></strong></span> <span class='ocrx_word' id='word_1_127' title='bbox 492 1011 538 1058; x_wconf 75' lang='grc' dir='ltr'><strong>εὖ</strong></span> <span class='ocrx_word' id='word_1_128' title='bbox 557 1017 784 1070; x_wconf 82' lang='grc' dir='ltr'><strong><em>θησόμενος</em></strong></span> <span class='ocrx_word' id='word_1_129' title='bbox 803 1031 864 1069; x_wconf 88' lang='lat' dir='ltr'><strong>ep.</strong></span> <span class='ocrx_word' id='word_1_130' title='bbox 877 1019 961 1059; x_wconf 82' lang='lat'><strong>821</strong></span> <span class='ocrx_word' id='word_1_131' title='bbox 984 1015 1040 1072; x_wconf 89' lang='grc' dir='ltr'><strong>(Χ</strong></span> <span class='ocrx_word' id='word_1_132' title='bbox 1057 1015 1209 1072; x_wconf 84' lang='grc'>743,8)</span> <span class='ocrx_word' id='word_1_133' title='bbox 1229 1019 1406 1068; x_wconf 87' lang='lat' dir='ltr'><strong>omissis,</strong></span> <span class='ocrx_word' id='word_1_134' title='bbox 1426 1017 1524 1069; x_wconf 84' lang='lat' dir='ltr'><strong>quin</strong></span> 
     </span>
     <span class='ocr_line' id='line_1_15' title="bbox 158 1075 1525 1131; baseline -0.001 -13"><span class='ocrx_word' id='word_1_135' title='bbox 158 1079 282 1119; x_wconf 89' lang='lat' dir='ltr'><strong>etiam</strong></span> <span class='ocrx_word' id='word_1_136' title='bbox 307 1090 493 1118; x_wconf 87' lang='lat' dir='ltr'><strong>numeros</strong></span> <span class='ocrx_word' id='word_1_137' title='bbox 518 1075 751 1131; x_wconf 71' lang='grc' dir='ltr'><strong><em>σμγ-σμέ,</em></strong></span> <span class='ocrx_word' id='word_1_138' title='bbox 781 1090 880 1129; x_wconf 88' lang='lat' dir='ltr'><strong>quos</strong></span> <span class='ocrx_word' id='word_1_139' title='bbox 906 1079 1103 1130; x_wconf 78' lang='lat' dir='ltr'><strong>epistulae</strong></span> <span class='ocrx_word' id='word_1_140' title='bbox 1130 1079 1366 1118; x_wconf 85' lang='lat'><strong>856—858</strong></span> <span class='ocrx_word' id='word_1_141' title='bbox 1393 1077 1434 1117; x_wconf 91' lang='lat' dir='ltr'><strong>in</strong></span> <span class='ocrx_word' id='word_1_142' title='bbox 1461 1078 1525 1117; x_wconf 91' lang='lat' dir='ltr'><strong>his</strong></span> 
     </span>
     <span class='ocr_line' id='line_1_16' title="bbox 158 1138 1525 1191; baseline -0.001 -12"><span class='ocrx_word' id='word_1_143' title='bbox 158 1141 322 1191; x_wconf 87' lang='lat' dir='ltr'><strong>gerunt,</strong></span> <span class='ocrx_word' id='word_1_144' title='bbox 351 1139 392 1177; x_wconf 92' lang='lat' dir='ltr'><strong>in</strong></span> <span class='ocrx_word' id='word_1_145' title='bbox 429 1139 609 1190; x_wconf 80' lang='lat' dir='ltr'><strong>margine</strong></span> <span class='ocrx_word' id='word_1_146' title='bbox 641 1138 819 1187; x_wconf 83' lang='lat' dir='ltr'><strong>exhibet,</strong></span> <span class='ocrx_word' id='word_1_147' title='bbox 852 1138 923 1178; x_wconf 91' lang='lat' dir='ltr'><strong>sed</strong></span> <span class='ocrx_word' id='word_1_148' title='bbox 957 1151 1086 1190; x_wconf 88' lang='lat' dir='ltr'><strong>neque</strong></span> <span class='ocrx_word' id='word_1_149' title='bbox 1121 1152 1142 1178; x_wconf 91' lang='lat' dir='ltr'><strong>e</strong></span> <span class='ocrx_word' id='word_1_150' title='bbox 1181 1138 1242 1178; x_wconf 88' lang='lat' dir='ltr'><strong>Va</strong></span> <span class='ocrx_word' id='word_1_151' title='bbox 1272 1139 1360 1188; x_wconf 87' lang='lat' dir='ltr'><strong>ipso</strong></span> <span class='ocrx_word' id='word_1_152' title='bbox 1396 1150 1525 1189; x_wconf 83' lang='lat' dir='ltr'><strong>neque</strong></span> 
     </span>
     <span class='ocr_line' id='line_1_17' title="bbox 156 1197 1525 1248; baseline -0.002 -9"><span class='ocrx_word' id='word_1_153' title='bbox 156 1211 179 1239; x_wconf 94' lang='lat' dir='ltr'><strong>e</strong></span> <span class='ocrx_word' id='word_1_154' title='bbox 212 1199 268 1239; x_wconf 84' lang='lat' dir='ltr'><strong>Vo</strong></span> <span class='ocrx_word' id='word_1_155' title='bbox 292 1198 425 1248; x_wconf 77' lang='lat' dir='ltr'><strong>fluxit3</strong></span> <span class='ocrx_word' id='word_1_156' title='bbox 450 1198 568 1238; x_wconf 90' lang='lat' dir='ltr'><strong>modo</strong></span> <span class='ocrx_word' id='word_1_157' title='bbox 593 1199 700 1238; x_wconf 85' lang='lat' dir='ltr'><strong>enim</strong></span> <span class='ocrx_word' id='word_1_158' title='bbox 725 1211 816 1238; x_wconf 86' lang='lat' dir='ltr'><strong>cum</strong></span> <span class='ocrx_word' id='word_1_159' title='bbox 842 1198 916 1238; x_wconf 92' lang='lat' dir='ltr'><strong>hoc</strong></span> <span class='ocrx_word' id='word_1_160' title='bbox 942 1199 1059 1238; x_wconf 87' lang='lat' dir='ltr'><strong>modo</strong></span> <span class='ocrx_word' id='word_1_161' title='bbox 1078 1211 1170 1237; x_wconf 89' lang='lat' dir='ltr'><strong>cum</strong></span> <span class='ocrx_word' id='word_1_162' title='bbox 1190 1198 1318 1237; x_wconf 85' lang='lat' dir='ltr'><strong>altero</strong></span> <span class='ocrx_word' id='word_1_163' title='bbox 1338 1197 1525 1238; x_wconf 88' lang='lat' dir='ltr'><strong>concinit.</strong></span> 
     </span>
     <span class='ocr_line' id='line_1_18' title="bbox 158 1257 1527 1309; baseline -0.001 -11"><span class='ocrx_word' id='word_1_164' title='bbox 158 1258 236 1298; x_wconf 87' lang='lat' dir='ltr'><strong>Sed</strong></span> <span class='ocrx_word' id='word_1_165' title='bbox 261 1261 356 1298; x_wconf 86' lang='lat' dir='ltr'><strong>sunt</strong></span> <span class='ocrx_word' id='word_1_166' title='bbox 379 1258 501 1298; x_wconf 79' lang='lat' dir='ltr'><strong>etiam</strong></span> <span class='ocrx_word' id='word_1_167' title='bbox 527 1258 655 1298; x_wconf 78' lang='lat' dir='ltr'><strong>crebri</strong></span> <span class='ocrx_word' id='word_1_168' title='bbox 675 1258 764 1308; x_wconf 86' lang='lat' dir='ltr'><strong>loci,</strong></span> <span class='ocrx_word' id='word_1_169' title='bbox 788 1258 933 1309; x_wconf 89' lang='lat' dir='ltr'><strong>quibus</strong></span> <span class='ocrx_word' id='word_1_170' title='bbox 959 1270 1049 1298; x_wconf 89' lang='lat' dir='ltr'><strong>cum</strong></span> <span class='ocrx_word' id='word_1_171' title='bbox 1069 1261 1212 1298; x_wconf 82' lang='lat' dir='ltr'><strong>neutro</strong></span> <span class='ocrx_word' id='word_1_172' title='bbox 1232 1270 1369 1297; x_wconf 88' lang='lat' dir='ltr'><strong>eorum</strong></span> <span class='ocrx_word' id='word_1_173' title='bbox 1389 1257 1527 1306; x_wconf 80' lang='lat' dir='ltr'><strong>faciat,</strong></span> 
     </span>
     <span class='ocr_line' id='line_1_19' title="bbox 158 1316 1526 1368; baseline -0.001 -10"><span class='ocrx_word' id='word_1_174' title='bbox 158 1331 252 1358; x_wconf 85' lang='lat' dir='ltr'><strong>nam</strong></span> <span class='ocrx_word' id='word_1_175' title='bbox 284 1318 412 1358; x_wconf 88' lang='lat' dir='ltr'><strong>multa</strong></span> <span class='ocrx_word' id='word_1_176' title='bbox 443 1317 566 1358; x_wconf 82' lang='lat' dir='ltr'><strong>verba</strong></span> <span class='ocrx_word' id='word_1_177' title='bbox 596 1317 647 1357; x_wconf 81' lang='lat' dir='ltr'><strong>ab</strong></span> <span class='ocrx_word' id='word_1_178' title='bbox 672 1321 843 1368; x_wconf 89' lang='lat' dir='ltr'><strong>utroque</strong></span> <span class='ocrx_word' id='word_1_179' title='bbox 875 1330 1012 1357; x_wconf 89' lang='lat' dir='ltr'><strong>eorum</strong></span> <span class='ocrx_word' id='word_1_180' title='bbox 1038 1318 1185 1358; x_wconf 87' lang='lat' dir='ltr'><strong>omissa</strong></span> <span class='ocrx_word' id='word_1_181' title='bbox 1210 1317 1389 1357; x_wconf 85' lang='lat' dir='ltr'><strong>servavit</strong></span> <span class='ocrx_word' id='word_1_182' title='bbox 1413 1316 1526 1357; x_wconf 81' lang='lat' dir='ltr'><strong>velut</strong></span> 
     </span>
     <span class='ocr_line' id='line_1_20' title="bbox 159 1371 1526 1431; baseline -0.001 -14"><span class='ocrx_word' id='word_1_183' title='bbox 159 1375 187 1431; x_wconf 82' lang='grc' dir='ltr'>ἧ</span> <span class='ocrx_word' id='word_1_184' title='bbox 208 1399 265 1406; x_wconf 92' lang='grc'>-</span> <span class='ocrx_word' id='word_1_185' title='bbox 284 1375 463 1431; x_wconf 81' lang='grc' dir='ltr'><strong><em>ἀγόντων</em></strong></span> <span class='ocrx_word' id='word_1_186' title='bbox 482 1390 543 1428; x_wconf 88' lang='lat' dir='ltr'><strong>ep.</strong></span> <span class='ocrx_word' id='word_1_187' title='bbox 557 1378 641 1417; x_wconf 83' lang='lat'><strong>655</strong></span> <span class='ocrx_word' id='word_1_188' title='bbox 664 1372 721 1431; x_wconf 89' lang='lat' dir='ltr'><strong>(X</strong></span> <span class='ocrx_word' id='word_1_189' title='bbox 741 1378 840 1427; x_wconf 83' lang='lat'>598,</span> <span class='ocrx_word' id='word_1_190' title='bbox 856 1373 901 1431; x_wconf 85' lang='lat'><strong>2)</strong></span> <span class='ocrx_word' id='word_1_191' title='bbox 917 1373 985 1429; x_wconf 89' lang='lat' dir='ltr'><strong>(cf.</strong></span> <span class='ocrx_word' id='word_1_192' title='bbox 999 1390 1060 1428; x_wconf 90' lang='lat' dir='ltr'><strong>ep.</strong></span> <span class='ocrx_word' id='word_1_193' title='bbox 1074 1377 1173 1427; x_wconf 85' lang='lat'>665,</span> <span class='ocrx_word' id='word_1_194' title='bbox 1189 1379 1289 1427; x_wconf 84' lang='grc'>711,</span> <span class='ocrx_word' id='word_1_195' title='bbox 1310 1371 1415 1429; x_wconf 83' lang='grc'>773)</span> <span class='ocrx_word' id='word_1_196' title='bbox 1430 1375 1526 1416; x_wconf 84' lang='lat' dir='ltr'><strong>etin</strong></span> 
     </span>
     <span class='ocr_line' id='line_1_21' title="bbox 156 1436 1526 1489; baseline -0.002 -12"><span class='ocrx_word' id='word_1_197' title='bbox 156 1437 397 1478; x_wconf 84' lang='lat' dir='ltr'><strong>lectionibus</strong></span> <span class='ocrx_word' id='word_1_198' title='bbox 427 1437 547 1477; x_wconf 89' lang='lat' dir='ltr'><strong>rectis</strong></span> <span class='ocrx_word' id='word_1_199' title='bbox 579 1440 720 1477; x_wconf 76' lang='lat' dir='ltr'><strong>eontra</strong></span> <span class='ocrx_word' id='word_1_200' title='bbox 750 1437 841 1477; x_wconf 91' lang='lat' dir='ltr'><strong>illos</strong></span> <span class='ocrx_word' id='word_1_201' title='bbox 867 1438 1071 1489; x_wconf 85' lang='lat' dir='ltr'><strong>conspirat</strong></span> <span class='ocrx_word' id='word_1_202' title='bbox 1104 1437 1168 1477; x_wconf 86' lang='lat' dir='ltr'><strong>vel</strong></span> <span class='ocrx_word' id='word_1_203' title='bbox 1193 1450 1283 1476; x_wconf 90' lang='lat' dir='ltr'><strong>cum</strong></span> <span class='ocrx_word' id='word_1_204' title='bbox 1317 1436 1362 1486; x_wconf 90' lang='lat' dir='ltr'><strong>V,</strong></span> <span class='ocrx_word' id='word_1_205' title='bbox 1391 1437 1441 1475; x_wconf 91' lang='lat' dir='ltr'><strong>ut</strong></span> <span class='ocrx_word' id='word_1_206' title='bbox 1465 1448 1526 1486; x_wconf 89' lang='lat' dir='ltr'><strong>ep.</strong></span> 
     </span>
     <span class='ocr_line' id='line_1_22' title="bbox 158 1493 1524 1551; baseline -0.002 -14"><span class='ocrx_word' id='word_1_207' title='bbox 158 1499 244 1538; x_wconf 88' lang='grc'><strong>857</strong></span> <span class='ocrx_word' id='word_1_208' title='bbox 275 1497 407 1551; x_wconf 68' lang='grc' dir='ltr'><strong><em>ῥήτωρ</em></strong></span> <span class='ocrx_word' id='word_1_209' title='bbox 438 1494 496 1536; x_wconf 81' lang='grc' dir='ltr'><strong>ὢν</strong></span> <span class='ocrx_word' id='word_1_210' title='bbox 520 1495 675 1550; x_wconf 82' lang='grc' dir='ltr'><strong><em>ἀγαθὸς</em></strong></span> <span class='ocrx_word' id='word_1_211' title='bbox 699 1497 773 1546; x_wconf 88' lang='grc' dir='ltr'><strong>(ΧΙ</strong></span> <span class='ocrx_word' id='word_1_212' title='bbox 801 1499 869 1547; x_wconf 86' lang='grc'>14,</span> <span class='ocrx_word' id='word_1_213' title='bbox 892 1493 965 1549; x_wconf 90' lang='grc'><strong>15)</strong></span> <span class='ocrx_word' id='word_1_214' title='bbox 998 1497 1063 1536; x_wconf 84' lang='lat' dir='ltr'><strong>vel</strong></span> <span class='ocrx_word' id='word_1_215' title='bbox 1095 1510 1184 1536; x_wconf 89' lang='lat' dir='ltr'><strong>cum</strong></span> <span class='ocrx_word' id='word_1_216' title='bbox 1217 1495 1352 1536; x_wconf 78' lang='lat' dir='ltr'><strong>codice</strong></span> <span class='ocrx_word' id='word_1_217' title='bbox 1376 1495 1524 1546; x_wconf 85' lang='lat' dir='ltr'><strong>Athoo,</strong></span> 
     </span>
     <span class='ocr_line' id='line_1_23' title="bbox 158 1550 1525 1611; baseline -0.002 -14"><span class='ocrx_word' id='word_1_218' title='bbox 158 1559 230 1609; x_wconf 86' lang='lat' dir='ltr'><strong>qui</strong></span> <span class='ocrx_word' id='word_1_219' title='bbox 254 1557 305 1597; x_wconf 90' lang='lat' dir='ltr'><strong>ad</strong></span> <span class='ocrx_word' id='word_1_220' title='bbox 331 1557 592 1608; x_wconf 83' lang='lat' dir='ltr'><strong>archetypum</strong></span> <span class='ocrx_word' id='word_1_221' title='bbox 613 1570 639 1597; x_wconf 86' lang='lat' dir='ltr'><strong>a</strong></span> <span class='ocrx_word' id='word_1_222' title='bbox 664 1556 769 1596; x_wconf 89' lang='lat' dir='ltr'><strong>redit</strong></span> <span class='ocrx_word' id='word_1_223' title='bbox 793 1559 839 1596; x_wconf 87' lang='lat' dir='ltr'><strong>ut</strong></span> <span class='ocrx_word' id='word_1_224' title='bbox 864 1570 922 1607; x_wconf 91' lang='lat' dir='ltr'><strong>ep.</strong></span> <span class='ocrx_word' id='word_1_225' title='bbox 948 1558 1031 1596; x_wconf 88' lang='grc'><strong>798</strong></span> <span class='ocrx_word' id='word_1_226' title='bbox 1060 1552 1115 1611; x_wconf 85' lang='grc' dir='ltr'><strong>(Χ</strong></span> <span class='ocrx_word' id='word_1_227' title='bbox 1138 1558 1236 1604; x_wconf 82' lang='grc'>719,</span> <span class='ocrx_word' id='word_1_228' title='bbox 1252 1550 1309 1609; x_wconf 89' lang='lat'><strong>5).</strong></span> <span class='ocrx_word' id='word_1_229' title='bbox 1338 1555 1525 1595; x_wconf 84' lang='lat' dir='ltr'><strong>Rariores</strong></span> 
     </span>
     <span class='ocr_line' id='line_1_24' title="bbox 158 1613 1527 1668; baseline -0.001 -12"><span class='ocrx_word' id='word_1_230' title='bbox 158 1618 254 1657; x_wconf 87' lang='lat' dir='ltr'><strong>sunt</strong></span> <span class='ocrx_word' id='word_1_231' title='bbox 278 1617 369 1666; x_wconf 86' lang='lat' dir='ltr'><strong>loci,</strong></span> <span class='ocrx_word' id='word_1_232' title='bbox 395 1617 539 1667; x_wconf 88' lang='lat' dir='ltr'><strong>quibus</strong></span> <span class='ocrx_word' id='word_1_233' title='bbox 564 1618 650 1668; x_wconf 86' lang='lat' dir='ltr'><strong>ipse</strong></span> <span class='ocrx_word' id='word_1_234' title='bbox 669 1618 846 1665; x_wconf 86' lang='lat' dir='ltr'><strong>novavit,</strong></span> <span class='ocrx_word' id='word_1_235' title='bbox 871 1618 917 1655; x_wconf 90' lang='lat' dir='ltr'><strong>ut</strong></span> <span class='ocrx_word' id='word_1_236' title='bbox 941 1629 1002 1667; x_wconf 87' lang='lat' dir='ltr'><strong>ep.</strong></span> <span class='ocrx_word' id='word_1_237' title='bbox 1023 1618 1108 1656; x_wconf 84' lang='lat'><strong>827</strong></span> <span class='ocrx_word' id='word_1_238' title='bbox 1131 1613 1258 1667; x_wconf 80' lang='grc' dir='ltr'><strong><em>ἡδέως</em></strong></span> <span class='ocrx_word' id='word_1_239' title='bbox 1276 1628 1350 1666; x_wconf 90' lang='lat' dir='ltr'><strong>pro</strong></span> <span class='ocrx_word' id='word_1_240' title='bbox 1373 1614 1527 1662; x_wconf 72' lang='grc' dir='ltr'><strong><em>οἰκείως</em></strong></span> 
     </span>
     <span class='ocr_line' id='line_1_25' title="bbox 158 1672 1526 1730; baseline -0.002 -14"><span class='ocrx_word' id='word_1_241' title='bbox 158 1673 214 1730; x_wconf 88' lang='grc' dir='ltr'><strong>(Χ</strong></span> <span class='ocrx_word' id='word_1_242' title='bbox 237 1678 336 1725; x_wconf 88' lang='grc'>747,</span> <span class='ocrx_word' id='word_1_243' title='bbox 351 1672 396 1730; x_wconf 90' lang='grc'><strong>3)</strong></span> <span class='ocrx_word' id='word_1_244' title='bbox 423 1676 612 1716; x_wconf 84' lang='lat' dir='ltr'><strong>exhibens</strong></span> <span class='ocrx_word' id='word_1_245' title='bbox 638 1679 679 1716; x_wconf 89' lang='lat' dir='ltr'><strong>et</strong></span> <span class='ocrx_word' id='word_1_246' title='bbox 702 1690 763 1727; x_wconf 92' lang='lat' dir='ltr'><strong>ep.</strong></span> <span class='ocrx_word' id='word_1_247' title='bbox 787 1677 869 1716; x_wconf 90' lang='grc'>786</span> <span class='ocrx_word' id='word_1_248' title='bbox 897 1676 1082 1716; x_wconf 89' lang='lat' dir='ltr'><strong>lacunam</strong></span> <span class='ocrx_word' id='word_1_249' title='bbox 1108 1677 1150 1714; x_wconf 92' lang='lat' dir='ltr'><strong>in</strong></span> <span class='ocrx_word' id='word_1_250' title='bbox 1174 1676 1392 1726; x_wconf 82' lang='lat' dir='ltr'><strong>archetypo</strong></span> <span class='ocrx_word' id='word_1_251' title='bbox 1411 1674 1526 1714; x_wconf 90' lang='lat' dir='ltr'><strong>relic-</strong></span> 
     </span>
     <span class='ocr_line' id='line_1_26' title="bbox 159 1732 1527 1789; baseline -0.003 -13"><span class='ocrx_word' id='word_1_252' title='bbox 159 1739 244 1776; x_wconf 89' lang='lat' dir='ltr'><strong>tam</strong></span> <span class='ocrx_word' id='word_1_253' title='bbox 275 1749 350 1777; x_wconf 86' lang='lat' dir='ltr'><strong>suo</strong></span> <span class='ocrx_word' id='word_1_254' title='bbox 386 1736 514 1776; x_wconf 84' lang='lat' dir='ltr'><strong>Marte</strong></span> <span class='ocrx_word' id='word_1_255' title='bbox 547 1736 677 1784; x_wconf 81' lang='lat' dir='ltr'><strong>verbis</strong></span> <span class='ocrx_word' id='word_1_256' title='bbox 707 1734 807 1789; x_wconf 78' lang='grc' dir='ltr'><em>πρὸς</em></span> <span class='ocrx_word' id='word_1_257' title='bbox 838 1734 958 1775; x_wconf 72' lang='grc' dir='ltr'><strong><em>ἄλλον</em></strong></span> <span class='ocrx_word' id='word_1_258' title='bbox 986 1736 1147 1787; x_wconf 86' lang='lat' dir='ltr'><strong>explens</strong></span> <span class='ocrx_word' id='word_1_259' title='bbox 1174 1733 1230 1788; x_wconf 87' lang='lat' dir='ltr'><strong>(X</strong></span> <span class='ocrx_word' id='word_1_260' title='bbox 1252 1732 1424 1783; x_wconf 85' lang='lat'><strong>708‚9).</strong></span> <span class='ocrx_word' id='word_1_261' title='bbox 1463 1733 1527 1772; x_wconf 82' lang='lat' dir='ltr'><strong>Ab</strong></span> 
     </span>
     <span class='ocr_line' id='line_1_27' title="bbox 160 1796 1110 1849; baseline -0.002 -13"><span class='ocrx_word' id='word_1_262' title='bbox 160 1798 358 1848; x_wconf 87' lang='lat' dir='ltr'><strong>apparatu</strong></span> <span class='ocrx_word' id='word_1_263' title='bbox 383 1797 512 1849; x_wconf 88' lang='lat' dir='ltr'><strong>igitur</strong></span> <span class='ocrx_word' id='word_1_264' title='bbox 535 1796 674 1836; x_wconf 86' lang='lat' dir='ltr'><strong>critico</strong></span> <span class='ocrx_word' id='word_1_265' title='bbox 701 1796 836 1835; x_wconf 84' lang='lat' dir='ltr'><strong>abesse</strong></span> <span class='ocrx_word' id='word_1_266' title='bbox 862 1808 941 1835; x_wconf 90' lang='lat' dir='ltr'><strong>non</strong></span> <span class='ocrx_word' id='word_1_267' title='bbox 966 1797 1110 1846; x_wconf 90' lang='lat' dir='ltr'><strong>potuit.</strong></span> 
     </span>
    </p>

    <p class='ocr_par' dir='ltr' id='par_1_3' title="bbox 160 1853 1531 2326">
     <span class='ocr_line' id='line_1_28' title="bbox 222 1853 1527 1896; baseline -0.004 0"><span class='ocrx_word' id='word_1_268' title='bbox 222 1855 405 1896; x_wconf 86' lang='lat' dir='ltr'><strong>Godicem</strong></span> <span class='ocrx_word' id='word_1_269' title='bbox 430 1868 466 1895; x_wconf 90' lang='lat' dir='ltr'><strong>a.</strong></span> <span class='ocrx_word' id='word_1_270' title='bbox 490 1857 602 1895; x_wconf 88' lang='grc'>1777</span> <span class='ocrx_word' id='word_1_271' title='bbox 632 1855 805 1895; x_wconf 80' lang='lat' dir='ltr'><strong>Christ.</strong></span> <span class='ocrx_word' id='word_1_272' title='bbox 826 1855 950 1894; x_wconf 88' lang='lat' dir='ltr'><strong>Frid.</strong></span> <span class='ocrx_word' id='word_1_273' title='bbox 971 1854 1209 1894; x_wconf 81' lang='lat' dir='ltr'><strong>Matthaei</strong></span> <span class='ocrx_word' id='word_1_274' title='bbox 1235 1866 1326 1893; x_wconf 90' lang='lat' dir='ltr'><strong>cum</strong></span> <span class='ocrx_word' id='word_1_275' title='bbox 1352 1853 1527 1892; x_wconf 85' lang='lat' dir='ltr'><strong>editione</strong></span> 
     </span>
     <span class='ocr_line' id='line_1_29' title="bbox 160 1914 1528 1965; baseline -0.002 -11"><span class='ocrx_word' id='word_1_276' title='bbox 160 1916 363 1956; x_wconf 85' lang='lat' dir='ltr'><strong>Wolfiana</strong></span> <span class='ocrx_word' id='word_1_277' title='bbox 387 1916 562 1955; x_wconf 86' lang='lat' dir='ltr'><strong>contulit</strong></span> <span class='ocrx_word' id='word_1_278' title='bbox 585 1916 857 1965; x_wconf 78' lang='lat' dir='ltr'><strong>lectionesque</strong></span> <span class='ocrx_word' id='word_1_279' title='bbox 880 1914 930 1954; x_wconf 92' lang='lat' dir='ltr'><strong>ab</strong></span> <span class='ocrx_word' id='word_1_280' title='bbox 950 1915 1024 1954; x_wconf 88' lang='lat' dir='ltr'><strong>hac</strong></span> <span class='ocrx_word' id='word_1_281' title='bbox 1045 1915 1316 1965; x_wconf 84' lang='lat' dir='ltr'><strong>discrepantes</strong></span> <span class='ocrx_word' id='word_1_282' title='bbox 1336 1925 1418 1952; x_wconf 84' lang='lat' dir='ltr'><strong>una</strong></span> <span class='ocrx_word' id='word_1_283' title='bbox 1435 1924 1528 1951; x_wconf 88' lang='lat' dir='ltr'><strong>cum</strong></span> 
     </span>
     <span class='ocr_line' id='line_1_30' title="bbox 160 1974 1525 2027; baseline -0.003 -13"><span class='ocrx_word' id='word_1_284' title='bbox 160 1975 400 2015; x_wconf 88' lang='lat' dir='ltr'><strong>lectionibus</strong></span> <span class='ocrx_word' id='word_1_285' title='bbox 427 1975 593 2015; x_wconf 88' lang='lat' dir='ltr'><strong>alterius</strong></span> <span class='ocrx_word' id='word_1_286' title='bbox 617 1975 796 2027; x_wconf 83' lang='lat' dir='ltr'><strong>syllogae</strong></span> <span class='ocrx_word' id='word_1_287' title='bbox 822 1976 865 2013; x_wconf 90' lang='lat' dir='ltr'><strong>in</strong></span> <span class='ocrx_word' id='word_1_288' title='bbox 892 1974 1127 2014; x_wconf 86' lang='lat' dir='ltr'><strong>fasciculum</strong></span> <span class='ocrx_word' id='word_1_289' title='bbox 1153 1974 1374 2024; x_wconf 85' lang='lat' dir='ltr'><strong>congessit,</strong></span> <span class='ocrx_word' id='word_1_290' title='bbox 1409 1984 1525 2022; x_wconf 88' lang='lat' dir='ltr'><strong>quem</strong></span> 
     </span>
     <span class='ocr_line' id='line_1_31' title="bbox 160 2030 1529 2086; baseline -0.002 -12"><span class='ocrx_word' id='word_1_291' title='bbox 160 2037 303 2086; x_wconf 85' lang='lat' dir='ltr'><strong>postea</strong></span> <span class='ocrx_word' id='word_1_292' title='bbox 323 2035 570 2075; x_wconf 79' lang='lat' dir='ltr'><strong>Friderico</strong></span> <span class='ocrx_word' id='word_1_293' title='bbox 590 2034 813 2074; x_wconf 88' lang='lat' dir='ltr'><strong>Iacobsio</strong></span> <span class='ocrx_word' id='word_1_294' title='bbox 836 2034 958 2074; x_wconf 88' lang='lat' dir='ltr'><strong>misit.</strong></span> <span class='ocrx_word' id='word_1_295' title='bbox 985 2034 1045 2072; x_wconf 85' lang='lat' dir='ltr'><strong>Ex</strong></span> <span class='ocrx_word' id='word_1_296' title='bbox 1070 2034 1188 2073; x_wconf 88' lang='lat' dir='ltr'><strong>huius</strong></span> <span class='ocrx_word' id='word_1_297' title='bbox 1209 2033 1456 2083; x_wconf 84' lang='lat' dir='ltr'><strong>possessione</strong></span> <span class='ocrx_word' id='word_1_298' title='bbox 1477 2030 1529 2071; x_wconf 77' lang='lat' dir='ltr'><strong>ad</strong></span> 
     </span>
     <span class='ocr_line' id='line_1_32' title="bbox 162 2091 1529 2140; baseline -0.004 -5"><span class='ocrx_word' id='word_1_299' title='bbox 162 2094 487 2140; x_wconf 87' lang='lat' dir='ltr'><strong>Duebnerum,</strong></span> <span class='ocrx_word' id='word_1_300' title='bbox 524 2097 611 2134; x_wconf 89' lang='lat' dir='ltr'><strong>tum</strong></span> <span class='ocrx_word' id='word_1_301' title='bbox 643 2094 695 2134; x_wconf 88' lang='lat' dir='ltr'><strong>ad</strong></span> <span class='ocrx_word' id='word_1_302' title='bbox 726 2094 903 2133; x_wconf 89' lang='lat' dir='ltr'><strong>Iulium</strong></span> <span class='ocrx_word' id='word_1_303' title='bbox 932 2092 1165 2132; x_wconf 80' lang='lat' dir='ltr'><strong>Adortum</strong></span> <span class='ocrx_word' id='word_1_304' title='bbox 1202 2091 1529 2131; x_wconf 84' lang='lat' dir='ltr'><strong>Genevensem</strong></span> 
     </span>
     <span class='ocr_line' id='line_1_33' title="bbox 162 2150 1529 2205; baseline -0.004 -11"><span class='ocrx_word' id='word_1_305' title='bbox 162 2155 355 2205; x_wconf 83' lang='lat' dir='ltr'><strong>pervenit.</strong></span> <span class='ocrx_word' id='word_1_306' title='bbox 394 2154 644 2194; x_wconf 83' lang='lat' dir='ltr'><strong>Fasciculum</strong></span> <span class='ocrx_word' id='word_1_307' title='bbox 671 2154 721 2192; x_wconf 96' lang='lat' dir='ltr'><strong>ab</strong></span> <span class='ocrx_word' id='word_1_308' title='bbox 741 2154 816 2193; x_wconf 93' lang='lat' dir='ltr'><strong>hoc</strong></span> <span class='ocrx_word' id='word_1_309' title='bbox 834 2153 933 2191; x_wconf 89' lang='lat' dir='ltr'><strong>mihi</strong></span> <span class='ocrx_word' id='word_1_310' title='bbox 953 2153 1118 2192; x_wconf 89' lang='lat' dir='ltr'><strong>missum</strong></span> <span class='ocrx_word' id='word_1_311' title='bbox 1138 2152 1370 2202; x_wconf 85' lang='lat' dir='ltr'><strong>exemplavi.</strong></span> <span class='ocrx_word' id='word_1_312' title='bbox 1409 2150 1446 2190; x_wconf 81' lang='lat' dir='ltr'>A</span> <span class='ocrx_word' id='word_1_313' title='bbox 1465 2163 1529 2189; x_wconf 94' lang='lat' dir='ltr'><strong>me</strong></span> 
     </span>
     <span class='ocr_line' id='line_1_34' title="bbox 162 2210 1530 2263; baseline -0.001 -11"><span class='ocrx_word' id='word_1_314' title='bbox 162 2214 281 2253; x_wconf 83' lang='lat' dir='ltr'><strong>huius</strong></span> <span class='ocrx_word' id='word_1_315' title='bbox 306 2214 388 2254; x_wconf 87' lang='lat' dir='ltr'><strong>filio</strong></span> <span class='ocrx_word' id='word_1_316' title='bbox 407 2213 588 2253; x_wconf 84' lang='lat' dir='ltr'><strong>redditus</strong></span> <span class='ocrx_word' id='word_1_317' title='bbox 608 2213 737 2263; x_wconf 91' lang='lat' dir='ltr'><strong>hodie,</strong></span> <span class='ocrx_word' id='word_1_318' title='bbox 756 2213 886 2262; x_wconf 89' lang='lat' dir='ltr'><strong>credo,</strong></span> <span class='ocrx_word' id='word_1_319' title='bbox 904 2213 946 2251; x_wconf 89' lang='lat' dir='ltr'><strong>in</strong></span> <span class='ocrx_word' id='word_1_320' title='bbox 966 2211 1209 2252; x_wconf 85' lang='lat' dir='ltr'><strong>bibliotheca</strong></span> <span class='ocrx_word' id='word_1_321' title='bbox 1227 2210 1448 2250; x_wconf 80' lang='lat' dir='ltr'><strong>Genevensi</strong></span> <span class='ocrx_word' id='word_1_322' title='bbox 1467 2222 1530 2250; x_wconf 78' lang='lat' dir='ltr'><strong>as·</strong></span> 
     </span>
     <span class='ocr_line' id='line_1_35' title="bbox 163 2270 1531 2326; baseline -0.004 -13"><span class='ocrx_word' id='word_1_323' title='bbox 163 2270 404 2326; x_wconf 83' lang='lat' dir='ltr'><strong>servatnr¹).</strong></span> <span class='ocrx_word' id='word_1_324' title='bbox 441 2273 529 2313; x_wconf 89' lang='lat' dir='ltr'><strong>Iam</strong></span> <span class='ocrx_word' id='word_1_325' title='bbox 561 2277 681 2313; x_wconf 83' lang='lat' dir='ltr'><strong>antea</strong></span> <span class='ocrx_word' id='word_1_326' title='bbox 706 2285 731 2311; x_wconf 91' lang='lat' dir='ltr'><strong>a</strong></span> <span class='ocrx_word' id='word_1_327' title='bbox 757 2272 965 2312; x_wconf 89' lang='lat' dir='ltr'><strong>Theodoro</strong></span> <span class='ocrx_word' id='word_1_328' title='bbox 991 2271 1145 2311; x_wconf 88' lang='lat' dir='ltr'><strong>Korsch</strong></span> <span class='ocrx_word' id='word_1_329' title='bbox 1176 2270 1411 2322; x_wconf 85' lang='lat' dir='ltr'><strong>apographa</strong></span> <span class='ocrx_word' id='word_1_330' title='bbox 1435 2281 1531 2309; x_wconf 90' lang='lat' dir='ltr'><strong>non·</strong></span> 
     </span>
    </p>
   </div>
   <div class='ocr_carea' id='block_1_3' title="bbox 164 2359 1534 2503">
    <p class='ocr_par' dir='ltr' id='par_1_4' title="bbox 164 2359 1534 2503">
     <span class='ocr_line' id='line_1_36' title="bbox 226 2359 1532 2411; baseline -0.003 -12"><span class='ocrx_word' id='word_1_331' title='bbox 226 2364 260 2409; x_wconf 89' lang='lat'><strong>1)</strong></span> <span class='ocrx_word' id='word_1_332' title='bbox 285 2363 342 2411; x_wconf 86' lang='lat' dir='ltr'><strong>[In</strong></span> <span class='ocrx_word' id='word_1_333' title='bbox 373 2363 472 2399; x_wconf 88' lang='lat' dir='ltr'><strong>hanc</strong></span> <span class='ocrx_word' id='word_1_334' title='bbox 503 2363 773 2399; x_wconf 85' lang='lat' dir='ltr'><strong>bibliothecam</strong></span> <span class='ocrx_word' id='word_1_335' title='bbox 803 2362 1007 2398; x_wconf 78' lang='lat' dir='ltr'><strong>fasciculus</strong></span> <span class='ocrx_word' id='word_1_336' title='bbox 1038 2372 1113 2397; x_wconf 90' lang='lat' dir='ltr'><strong>non</strong></span> <span class='ocrx_word' id='word_1_337' title='bbox 1146 2360 1329 2407; x_wconf 83' lang='lat' dir='ltr'><strong>pervenit.</strong></span> <span class='ocrx_word' id='word_1_338' title='bbox 1368 2359 1532 2396; x_wconf 84' lang='lat' dir='ltr'><strong>Ubinam</strong></span> 
     </span>
     <span class='ocr_line' id='line_1_37' title="bbox 164 2406 1534 2458; baseline -0.003 -12"><span class='ocrx_word' id='word_1_339' title='bbox 164 2410 226 2454; x_wconf 71' lang='lat' dir='ltr'><strong>eit,</strong></span> <span class='ocrx_word' id='word_1_340' title='bbox 250 2411 428 2447; x_wconf 81' lang='lat' dir='ltr'><strong>nescitur.</strong></span> <span class='ocrx_word' id='word_1_341' title='bbox 460 2410 633 2448; x_wconf 81' lang='lat' dir='ltr'><strong>Ceterum</strong></span> <span class='ocrx_word' id='word_1_342' title='bbox 659 2411 799 2458; x_wconf 86' lang='lat' dir='ltr'><strong>agitur,</strong></span> <span class='ocrx_word' id='word_1_343' title='bbox 826 2413 869 2445; x_wconf 89' lang='lat' dir='ltr'><strong>ut</strong></span> <span class='ocrx_word' id='word_1_344' title='bbox 894 2421 918 2445; x_wconf 85' lang='lat' dir='ltr'><strong>a</strong></span> <span class='ocrx_word' id='word_1_345' title='bbox 943 2409 1232 2446; x_wconf 80' lang='lat' dir='ltr'><strong>bibliothecario</strong></span> <span class='ocrx_word' id='word_1_346' title='bbox 1258 2407 1370 2443; x_wconf 85' lang='lat' dir='ltr'><strong>huius</strong></span> <span class='ocrx_word' id='word_1_347' title='bbox 1397 2406 1534 2443; x_wconf 88' lang='lat' dir='ltr'><strong>biblio-</strong></span> 
     </span>
     <span class='ocr_line' id='line_1_38' title="bbox 164 2454 1534 2503; baseline -0.004 -8"><span class='ocrx_word' id='word_1_348' title='bbox 164 2458 298 2495; x_wconf 79' lang='lat' dir='ltr'><strong>thecae</strong></span> <span class='ocrx_word' id='word_1_349' title='bbox 323 2459 478 2495; x_wconf 74' lang='lat' dir='ltr'><strong>edoctu·</strong></span> <span class='ocrx_word' id='word_1_350' title='bbox 504 2470 603 2503; x_wconf 83' lang='lat' dir='ltr'><strong>snm,</strong></span> <span class='ocrx_word' id='word_1_351' title='bbox 629 2458 691 2495; x_wconf 89' lang='lat' dir='ltr'><strong>hic</strong></span> <span class='ocrx_word' id='word_1_352' title='bbox 717 2458 807 2494; x_wconf 81' lang='lat' dir='ltr'><strong>item</strong></span> <span class='ocrx_word' id='word_1_353' title='bbox 833 2460 947 2503; x_wconf 88' lang='lat' dir='ltr'><strong>atque</strong></span> <span class='ocrx_word' id='word_1_354' title='bbox 973 2459 1001 2493; x_wconf 90' lang='lat' dir='ltr'><strong>t.</strong></span> <span class='ocrx_word' id='word_1_355' title='bbox 1023 2456 1106 2492; x_wconf 86' lang='lat' dir='ltr'><strong>Vlll</strong></span> <span class='ocrx_word' id='word_1_356' title='bbox 1127 2459 1197 2492; x_wconf 81' lang='lat'><strong>590</strong></span> <span class='ocrx_word' id='word_1_357' title='bbox 1223 2467 1298 2491; x_wconf 89' lang='lat' dir='ltr'><strong>non</strong></span> <span class='ocrx_word' id='word_1_358' title='bbox 1323 2455 1370 2491; x_wconf 87' lang='lat' dir='ltr'><strong>de</strong></span> <span class='ocrx_word' id='word_1_359' title='bbox 1395 2454 1534 2499; x_wconf 85' lang='lat' dir='ltr'><strong>lulio,</strong></span> 
     </span>
    </p>
   </div>
  </div>
 </body>
</html>
