1872 2924
349 229 432 270 112
646 228 1012 265 PROLEGOMENA
1035 229 1101 264 AD
1126 229 1388 266 EPISTULAS

403 317 495 356 Mea
525 319 657 368 gratia
681 317 807 356 Einar
830 317 1014 357 Lofstedt
1042 309 1159 368 pater
1183 331 1218 357 a.
1241 319 1354 358 1878
1386 318 1428 357 in
1455 318 1697 359 bibliotheca.

345 375 656 416 Skoklosterana
681 377 853 416 codicem
878 377 1122 417 examinavit
1131 372 1176 431 ¹).

407 470 507 510 Cum
526 472 741 522 archetypo
760 471 954 521 codicum,
976 484 1076 522 quos
1095 471 1212 512 modo
1231 473 1491 512 tractavimus
1511 472 1696 522 Neapoli-

345 531 445 582 tani,
458 531 796 579 Salmanticensis,
809 531 1109 580 Escurialensis,
1122 531 1434 581 Skoklosterani,
1450 533 1537 570 arto
1554 543 1696 583 cogna-

345 590 467 629 tionis
491 590 651 630 vinculo
683 591 916 630 coniunctus
948 592 1035 629 erat
1065 590 1303 641 archetypus
1327 591 1443 630 hodie
1468 590 1696 640 deperditus

346 650 609 700 complurium
635 649 826 699 codicum,
852 662 1021 700 quorum
1045 662 1189 701 agmen
1213 650 1326 691 ducit

273 729 344 760 518
410 722 476 760 77.
501 720 924 760 vindobonensis
955 721 1079 771 phil.
1108 734 1174 772 gr.
1198 720 1348 760 LXXII
1379 716 1445 774 (=
1465 716 1536 774 Vi)
1570 721 1695 761 chart.

346 781 497 819 formae
515 780 602 818 folii
621 793 673 819 sc.
686 780 771 830 XV,
797 781 894 819 olim
912 780 1108 819 Ioannis
1129 780 1370 829 Sambuci,
1396 779 1466 830 qui
1483 780 1694 819 som-83

347 840 507 878 exhibet
531 839 727 891 syllogam
754 841 838 878 292
864 840 1126 890 epistularum
1150 840 1383 890 inscriptam
1408 839 1589 891 λιβανίου
1613 853 1695 879 κοι-

347 899 527 950 αίστορος
545 903 615 938 τοῦ
635 904 826 950 σοφιστοῦ
845 897 1053 938 ἐπιστολαί.
1085 899 1293 949 Epistulae
1312 899 1394 938 fere
1413 898 1572 938 eaedem
1591 900 1698 948 sunt,

347 971 450 1008 quae
475 959 519 996 in
542 958 769 998 Meursiano
795 960 951 1007 extant3
977 958 1024 997 cf.
1044 958 1137 997 Mss.
1154 958 1378 1009 Ups.—Linc.
1398 959 1571 997 18—24.
1602 957 1698 1004 Qui-

347 1017 422 1057 bus
453 1017 503 1057 ab
533 1018 604 1057 illo
636 1017 851 1067 discrepat,
887 1018 985 1056 haec
1015 1019 1125 1056 sunt:
1156 1031 1216 1068 ep.
1241 1014 1279 1057 α’
1307 1017 1513 1068 inscriptio
1544 1016 1698 1068 μαξίμω

347 1089 468 1116 manu
493 1077 667 1116 secunda
691 1077 845 1126 addita,
870 1090 930 1128 ep.
950 1073 994 1128 β’
1018 1076 1234 1130 στρατηγίου
1258 1076 1460 1116 rubricata
1486 1078 1563 1126 est,
1594 1075 1699 1115 inter

346 1133 406 1175 ιδ’
431 1138 472 1175 et
501 1133 547 1176 ιε’
574 1136 791 1175 Meursiani
821 1139 959 1176 extant
990 1149 1050 1186 ep.
1071 1137 1154 1175 376
1194 1138 1236 1175 et
1267 1136 1351 1175 375
1384 1148 1486 1186 quae
1525 1138 1619 1174 sunt
1655 1136 1696 1173 in

348 1196 418 1235 illo
453 1197 538 1235 294
571 1198 610 1234 et
642 1197 746 1245 295,
777 1198 869 1246 post
900 1192 958 1243 λζ’
983 1190 1048 1248 (=
1070 1190 1175 1247 282)
1212 1197 1350 1234 extant
1380 1209 1440 1246 ep.
1461 1196 1566 1243 330,
1597 1207 1698 1245 quae

347 1257 411 1294 est
431 1255 474 1294 in
492 1255 564 1294 illo
585 1256 668 1294 297
679 1269 688 1304 3
715 1256 814 1304 405,
835 1256 934 1304 441,
959 1267 1060 1305 quae
1079 1256 1140 1294 est
1162 1254 1204 1293 in
1223 1255 1294 1294 illo
1315 1255 1383 1304 38,
1409 1267 1588 1305 quaeque
1606 1254 1699 1293 huic

347 1314 565 1354 succedunt
586 1327 714 1365 usque
739 1315 790 1353 ad
818 1316 901 1354 292
923 1309 988 1368 (-—-
1008 1310 1125 1368 220),
1150 1313 1325 1364 exceptis
1351 1315 1448 1353 355.
1475 1314 1572 1353 372.
1601 1313 1698 1352 738.

350 1375 448 1413 359.
476 1375 602 1413 1134.
630 1374 756 1413 1145.
786 1375 881 1414 150.
923 1373 1070 1414 Contra
1099 1373 1164 1412 hic
1195 1375 1333 1412 extant
1363 1373 1557 1423 epistulae
1584 1372 1699 1420 duae,

347 1446 453 1483 quae
470 1435 513 1472 in
532 1433 758 1472 Meursiano
778 1433 939 1472 desunt:
967 1434 1049 1472 198
1072 1428 1136 1485 (===
1153 1427 1258 1485 746)
1280 1433 1385 1472 inter
1406 1433 1489 1471 743
1512 1434 1552 1471 et
1573 1432 1700 1480 1201,

347 1495 390 1531 et
416 1494 500 1532 272
521 1487 586 1545 (=
602 1489 706 1545 578)
731 1492 837 1531 inter
856 1493 940 1532 563
967 1494 1008 1532 et
1028 1493 1125 1542 694,
1150 1494 1245 1542 quia
1268 1492 1351 1531 iam
1374 1491 1417 1530 in
1434 1493 1550 1541 parte
1567 1490 1698 1541 priore

348 1552 421 1591 sub
446 1547 515 1603 λβ’
540 1554 580 1591 et
609 1547 672 1599 κζ’
695 1554 1010 1602 comparuerant.
1053 1551 1219 1590 Numeri
1249 1551 1511 1602 epistularum
1541 1551 1699 1589 tantum

347 1605 488 1650 (αι-ιδ’
508 1612 551 1649 in
576 1613 755 1663 margine
780 1611 991 1660 rubricati,
1016 1624 1048 1649 ιε
1075 1612 1116 1649 et
1141 1607 1192 1655 ις’
1211 1611 1432 1661 reliquique
1458 1611 1586 1649 forma
1610 1622 1697 1648 ara-

349 1671 439 1710 bica
464 1683 584 1709 manu
604 1670 805 1710 Forlosiae
825 1670 953 1710 additi
977 1671 1082 1710 sunt.
1116 1669 1323 1709 Gorrectus
1344 1671 1405 1709 est
1427 1668 1556 1708 tribus
1574 1668 1700 1708 mani-

350 1731 435 1779 bus,
454 1743 624 1780 quarum
642 1730 787 1769 ultima
804 1729 1007 1769 Forlosiae
1026 1741 1109 1768 esse
1129 1729 1313 1768 creditur.
1345 1728 1500 1768 Ultima
1518 1741 1577 1779 ep.
1591 1723 1697 1782 (292

350 1808 395 1820 ==
417 1785 522 1842 372)
547 1802 668 1828 manu
693 1789 865 1828 secunda
889 1791 1052 1828 exarata
1070 1791 1140 1828 est.
1169 1789 1395 1828 Nonnullae
1420 1788 1614 1838 epistulae
1637 1787 1698 1826 bis

348 1851 578 1888 occurrunt:
605 1850 688 1888 327
716 1843 810 1902 (sub
832 1850 886 1888 32
913 1850 953 1887 et
973 1843 1061 1901 81),
1089 1849 1172 1887 746
1201 1844 1293 1901 (sub
1320 1849 1376 1887 34
1402 1848 1443 1886 et
1464 1841 1587 1900 199),
1613 1847 1696 1885 372

348 1904 442 1961 (sub
469 1909 522 1948 36
551 1910 591 1946 et
617 1904 741 1958 292),
768 1909 852 1947 578
879 1903 971 1961 (sub
998 1909 1052 1947 29
1073 1909 1114 1946 et
1134 1903 1251 1960 275).
1282 1907 1504 1946 Nonnullas
1523 1905 1700 1956 praebet,

348 1980 452 2018 quae
471 1980 495 2006 a
514 1967 545 2006 S
568 1967 730 2007 absunt:
759 1969 855 2006 164.
884 1969 979 2006 115.
1007 1968 1103 2006 220.
1126 1968 1223 2006 377.
1245 1967 1342 2006 378.
1364 1967 1460 2004 381.
1483 1965 1579 2005 385.
1600 1965 1699 2004 400.

349 2028 449 2066 815.
470 2028 568 2066 841.
589 2028 656 2066 32.
679 2027 804 2065 1152.
844 2026 1039 2076 Codicem,
1064 2026 1112 2065 de
1137 2039 1216 2077 quo
1237 2025 1378 2064 Petrus
1397 2024 1632 2064 Lambecius
1657 2025 1700 2062 in

349 2086 510 2125 Libanii
533 2086 648 2125 Rhet.
668 2086 762 2124 Ant.
781 2086 855 2136 Ep.
874 2086 954 2125 XII
984 2098 1072 2124 cum
1106 2086 1436 2136 interpretatione
1461 2084 1609 2123 Latina
1632 2083 1701 2121 Ri-

412 2177 446 2222 1)
469 2175 634 2211 Primum
664 2175 806 2212 mentio
837 2175 977 2212 codicis
1007 2174 1158 2221 publice
1187 2175 1289 2210 faeta
1320 2175 1378 2210 est
1409 2173 1457 2209 ab
1485 2172 1562 2209 Ioh.
1587 2172 1700 2208 Henr.

349 2223 595 2267 Sententiam,
621 2223 780 2270 Catalog
804 2223 908 2259 ofver
931 2222 1256 2268 Manuscripterna
1279 2222 1293 2257 i
1318 2220 1486 2268 grefliga
1509 2218 1700 2256 Braheska

349 2270 607 2307 Bibliotheket
634 2281 685 2317 pa
710 2270 927 2307 Skokloster
950 2269 991 2306 in
1015 2269 1276 2316 „Handlingar
1303 2269 1463 2304 roi-ande
1489 2267 1700 2302 Skandina-

350 2318 454 2354 viens
484 2318 674 2354 Historia“
704 2320 733 2354 t.
753 2318 837 2353 XIII
869 2316 1087 2354 Stockholm
1114 2320 1302 2362 1828,22:
1335 2317 1385 2353 In
1414 2319 1453 2352 4⁰
1483 2320 1526 2351 πο
1551 2317 1600 2351 98
1633 2315 1700 2350 Li-

348 2366 456 2402 bam'i
473 2366 665 2411 Epistolae
687 2377 803 2413 yraec.
826 2366 912 2402 eod.
934 2366 1047 2402 chart.
1072 2369 1252 2407 vetustus,
1275 2364 1317 2399 in
1341 2363 1447 2399 cuius
1471 2373 1565 2408 opus
1590 2360 1701 2397 Caro-

350 2413 409 2449 lus
434 2413 560 2450 Graux
584 2413 709 2449 oculos
734 2423 837 2448 meos
861 2412 1062 2455 convertit,
1093 2412 1155 2447 cui
1179 2411 1252 2457 ipsi
1277 2413 1426 2457 tempus
1452 2409 1590 2446 codici·
1615 2419 1700 2444 exa-

348 2460 520 2496 minandi
545 2460 667 2496 defuit
690 2460 752 2506 (cf.
778 2460 917 2496 Mai-tin
939 2459 965 2496 1.
985 2459 1009 2495 1.
1036 2460 1194 2505 295sq.).
