1872 2924
327 229 348 270 ὅ
370 229 425 262 18.
463 223 530 261 DE
555 223 696 262 OODD.
716 222 788 261 ΕΡ.
810 219 925 260 1-'48
951 220 1314 261 ssxmBEN'rfflus
1420 219 1509 263 219

203 314 287 356 Nec
309 315 442 355 minus
467 313 647 354 diversus
672 314 734 354 est
751 312 864 353 locus
884 324 1004 364 quem
1023 324 1085 363 ep.
1106 312 1161 351 22
1183 312 1303 350 nacta
1322 312 1384 351 est
1401 310 1509 349 inter

140 376 303 416 mutuas
315 372 520 414 immixtas
529 372 710 425 syllegae
724 372 991 424 epistularum
1005 371 1311 411 Basilianarum.
1328 369 1507 409 Primam

141 436 249 475 inter
278 447 345 475 eas
374 433 498 474 habet
526 432 660 474 sedem
690 433 734 472 in
773 431 910 483 ecloga
937 432 1022 471 245
1054 430 1320 482 epistularum
1351 428 1507 478 Basilii,

144 506 264 547 quam
289 492 455 546 praebet

205 555 304 595 349.
330 552 687 593 Baroccianus
713 564 772 603 gr.
796 552 876 590 121
901 545 966 603 (²-
987 545 1133 603 Bar)¹)
1154 562 1206 589 sc.
1225 548 1301 598 XI,
1326 561 1400 600 qm
1417 560 1510 589 con-

144 614 249 654 tinet
277 614 322 653 in
352 612 450 652 folio
475 623 598 652 manu
622 623 674 652 sc
693 610 793 651 XIII
818 610 1003 661 suppleto
1028 623 1136 648 num.
1156 604 1229 658 ξθ’
1254 611 1295 648 et
1319 603 1360 648 o'
1385 609 1511 660 insig-

145 674 254 714 nitas
278 686 341 724 ep.
363 673 417 712 22
439 674 480 712 et
500 673 524 711 9
551 671 695 711 deinde
716 670 783 710 fol.
806 670 875 720 81,
899 670 1043 709 ultimo
1063 668 1338 720 quaternionis
1364 662 1409 717 ι’,
1435 667 1513 708 sub

145 746 253 774 num.
277 725 372 781 ποθ’,
394 729 435 785 ζ,
458 729 512 779 QG
536 744 597 782 ep.
627 732 681 771 10
710 725 896 799 (λιβανίω
921 727 1092 781 σοφιστή
1118 725 1234 782 (sic))
1265 730 1331 767 11.
1354 729 1423 776 12,
1445 727 1512 768 fol.

149 794 231 832 172
234 792 402 831 ’-174
428 791 501 831 sub
526 783 958 843 numpnd-poss'ep.
983 788 1349 829 15—21.13.14.
1382 787 1512 837 Prope

147 851 274 905 igitur
296 852 380 893 stat
403 850 455 890 ab
480 850 619 890 ordine
644 850 793 890 codicis
820 849 1068 901 Reginensis.
1108 847 1281 888 Contuli.

207 911 318 951 Inter
342 923 403 962 ep.
426 911 450 949 7
478 912 520 949 et
548 911 600 949 13
628 911 711 950 stat
739 910 792 949 22
819 910 863 948 in
889 909 1041 960 ecloga,
1065 920 1190 959 quam
1213 906 1380 958 praebet

208 971 306 1011 350.
334 970 624 1010 Vaticanus
649 983 708 1022 gr.
730 969 814 1009 713
842 968 970 1008 bomb.
992 969 1143 1008 formae
1169 969 1301 1018 quart.
1326 966 1419 1006 mai.
1446 973 1586 1005 scen»

147 1030 254 1079 XIV,
286 1031 359 1081 qui
391 1030 571 1070 continet
604 1029 673 1069 fol.
702 1029 876 1069 1—364
913 1027 1069 1068 duabus
1103 1026 1307 1076 manibus,
1341 1038 1513 1076 quarum

145 1091 276 1130 altera
299 1090 368 1130 fol.
390 1090 475 1129 287
502 1090 658 1140 incipit,
683 1090 867 1128 exaratas
888 1087 1103 1139 inscriptas
1129 1083 1399 1126 ἐπιστολαὶ
1423 1090 1514 1125 τοῦ

147 1148 199 1190 ἐν
224 1147 397 1203 ἁγίοις
422 1147 617 1201 πατρὸς
641 1144 784 1200 ἡμῶν
806 1147 1077 1200 βασιλείου
1096 1143 1514 1200 ἀρχιεπισκόπου

147 1208 455 1263 καισαρείας
488 1207 857 1254 καππαδοκίας
890 1212 979 1247 τοῦ
1016 1205 1251 1260 μεγάλου.
1302 1205 1515 1256 Epistulae

148 1272 311 1309 mutuae
336 1268 404 1309 fol.
427 1268 681 1308 254⁷—256
708 1267 785 1307 hoc
803 1279 887 1306 sese
908 1267 1047 1307 ordine
1067 1266 1288 1316 excipiunt:
1317 1265 1445 1304 1—6.
1474 1267 1511 1303 8.

151 1330 188 1368 7.
215 1330 283 1368 22.
312 1328 500 1368 13—20.
529 1329 596 1367 10.
623 1329 692 1367 21.
721 1328 759 1366 9.
788 1329 854 1366 11.
884 1328 951 1367 12.
988 1325 1163 1377 Inspexi.

209 1423 287 1463 Sed
312 1436 362 1463 ne
386 1423 429 1462 in
454 1435 501 1463 eo
526 1422 689 1474 quidem
717 1421 898 1462 codicum
922 1421 1084 1473 eclogae
1110 1419 1372 1470 epistularum
1399 1419 1514 1458 Basi-

148 1484 348 1523 lianarum
381 1495 537 1535 genere,
567 1483 680 1522 cuius
711 1481 921 1533 proprium
948 1484 1009 1521 est
1035 1479 1142 1531 quod
1166 1481 1332 1519 mutuae
1356 1491 1382 1518 a
1409 1480 1434 1518 7
1455 1480 1516 1517 in-

148 1542 317 1594 cipiunt,
341 1555 463 1582 unam
487 1542 732 1592 eandemque
757 1540 891 1580 sedem
916 1537 1094 1580 obtinuit
1113 1552 1173 1590 ep.
1202 1540 1270 1578 22.

209 1600 388 1649 Quorum
419 1614 501 1641 una
530 1601 688 1641 familia
718 1603 882 1640 mutuas
912 1601 988 1640 hoc
1021 1598 1180 1638 exhibet
1211 1598 1368 1639 ordine:
1403 1598 1441 1637 7.
1478 1599 1513 1635 1.

154 1662 340 1701 15—20.
373 1663 442 1701 22.
476 1662 544 1701 21.
578 1661 706 1701 2-6.
740 1662 778 1701 8.
812 1661 850 1699 9.
886 1661 953 1699 13.
983 1660 1050 1699 14.
1080 1659 1266 1699 10-12,
1305 1656 1428 1697 Cuius
1454 1658 1516 1695 est

151 1721 275 1761 codex

212 1781 310 1821 351.
336 1779 699 1832 Angelicanus
726 1778 767 1818 C.
788 1780 827 1818 4.
845 1780 899 1817 14
914 1773 1012 1831 (13)
1028 1774 1093 1831 (ε-
1107 1772 1218 1830 Ang)
1238 1776 1401 1816 membr.
1422 1776 1501 1815 for·
1517 1784 1587 1816 646

150 1853 240 1880 mae
277 1842 407 1892 quart.
433 1851 485 1879 sc.
508 1838 642 1887 XlXI,
679 1838 776 1878 olim
813 1837 1146 1878 bibliothecae
1185 1836 1516 1884 Sfortianae,

150 1900 292 1940 deinde
302 1899 334 1939 P
342 1911 418 1939 ass
427 1899 439 1937 i
448 1892 613 1951 onei’),
624 1899 694 1949 qui
707 1899 909 1938 continere
923 1897 1082 1949 quidem
1096 1896 1243 1936 dicitur
1254 1895 1298 1934 in
1306 1895 1516 1935 involucro

151 1959 318 2006 adverso
343 1959 546 2009 Epistolas
570 1959 765 2008 diversas,
798 1959 978 1998 continet
1003 1968 1145 1997 revera
1169 1955 1237 1995 fol.
1260 1956 1404 1995 1-72
1432 1955 1516 2005 epi·

152 2019 281 2058 stulas
301 2018 483 2057 Basilii
507 2020 630 2068 atque
655 2017 697 2056 in
721 2017 866 2057 harum
891 2017 1052 2067 quidem
1079 2016 1210 2055 fronte
1236 2010 1326 2066 (fol.
1348 2017 1460 2054 1—1
1472 2009 1516 2067 1)

152 2081 324 2118 mutuas.
356 2077 587 2128 Sequuntur
605 2076 748 2116 Basilii
766 2076 975 2128 epistulae,
999 2087 1171 2127 quarum
1195 2075 1326 2126 prima
1356 2074 1424 2123 16,
1455 2085 1516 2112 se-

152 2136 285 2176 cunda
315 2139 336 2176 1
378 2139 451 2176 est.
495 2136 580 2176 Fol.
608 2136 805 2175 73—77'
843 2138 982 2175 extant
1017 2132 1216 2175 ἐπιστολαὶ
1252 2138 1323 2173 τοῦ
1361 2132 1517 2184 φωτίου

152 2195 372 2237 ἐπισκόπου
397 2195 857 2243 Κωνσταντινουπόλεως
882 2196 922 2234 et
947 2193 1039 2234 inde
1066 2207 1091 2234 a
1115 2193 1214 2233 folio
1236 2193 1290 2231 78
1317 2190 1517 2232 ἐπιστολαὶ

214 2278 248 2319 1)
275 2279 397 2320 Supra
420 2286 456 2320 Ρ.
481 2278 546 2310 191
573 2285 608 2309 ιι.
630 2277 712 2310 275.

214 2325 250 2368 ..)
276 2321 385 2357 Hunc
409 2321 578 2358 codicem
600 2320 744 2363 Harles,
770 2320 906 2357 Introd.
925 2319 965 2356 in
989 2320 1078 2356 hist.
1097 2319 1252 2366 linguae
1277 2329 1332 2362 gr.
1352 2318 1368 2354 1
1392 2329 1431 2364 p.
1450 2318 1519 2354 ὁδ’

154 2368 459 2405 commemoravit
483 2368 623 2405 verbis:
650 2369 713 2414 Ep
715 2369 843 2405 {stolae
867 2368 1027 2405 Ln'banii
1051 2367 1178 2404 Photis·
1194 2377 1224 2403 s.
1246 2366 1398 2413 Θεωρία·
1418 2365 1516 2422 Syn-

153 2418 232 2454 oeii.
260 2416 314 2453 Cf.
338 2416 394 2453 Fr.
414 2415 542 2452 Zamb.
564 2420 643 2453 140.
675 2415 805 2459 Allen.
824 2414 940 2452 claun.
960 2415 1049 2452 Rev.
1069 2414 1123 2452 111
1141 2417 1224 2451 848.
1256 2413 1516 2457 Piceolomni,

155 2464 260 2501 Stud.
280 2463 362 2500 ital.
382 2463 423 2499 di
448 2462 536 2500 mol.
557 2462 738 2501 claas.V1
758 2443 838 2500 17'6.
