1872 2924
346 219 373 261 6
422 217 605 254 LIBANII
630 216 715 260 Qm
738 215 1002 252 FERUNTUR
1027 216 1374 253 CHARACTERES
1396 217 1658 258 EPISTOLICI

274 311 346 348 421
414 309 450 347 9.
477 306 836 345 Laurentianus
867 304 936 343 LX
965 306 1019 344 14
1047 305 1170 344 chart.
1196 306 1348 345 formae
1371 309 1501 357 quart.
1526 308 1620 347 min.
1646 321 1698 347 sc.

345 366 432 414 XV,
466 366 562 404 olim
587 364 763 416 Angeli
790 364 1029 403 Politiani
1057 367 1159 403 teste
1183 364 1442 415 inscriptione
1465 367 1554 406 folii
1578 369 1699 418 primi

340 422 526 478 Ἀγγέλου
545 430 673 476 κτῆμα
687 426 928 463 Πολιτιανοῦ
946 422 1014 463 καὶ
1032 429 1110 463 τῶν
1123 423 1250 473 φίλων
1263 424 1331 463 fol.
1348 425 1519 464 65—72
1533 427 1694 477 inscrip-

345 487 411 525 tus
436 483 618 535 λιβανίου
644 488 835 533 σοφιστοῦ
861 481 1143 534 ἕπιστολιμαῑοι
1167 488 1416 536 χαρακτῆρες,
1448 486 1513 534 qui
1540 485 1582 524 in
1606 483 1698 525 reli-

347 545 435 594 quis
466 543 626 594 quidem
659 555 747 580 cum
779 543 839 580 Pa
870 544 911 581 et
936 542 1199 582 Ambrosiano
1229 543 1345 590 facit,
1376 543 1444 582 sed
1476 545 1697 596 exemplum

346 601 606 653 ὀνειδιστικῆς
632 596 729 655 (64)
761 603 939 640 servavit
968 603 1009 640 et
1039 605 1372 654 παραμυθητικῆς
1399 597 1494 656 (73)
1518 604 1700 651 inseruit,

344 665 392 702 ut
422 661 616 701 Hinckius
648 661 672 699 l.
699 661 724 699 1.
756 674 793 710 p.
817 661 901 700 544
934 661 1129 711 exposuit,
1161 661 1228 711 qui
1260 674 1351 700 eum
1380 662 1517 702 littera
1541 662 1578 701 K
1601 663 1696 702 insi-

346 723 488 774 gnivit.
515 720 635 759 Cuius
656 719 780 771 copiis
798 733 894 760 usus
912 721 973 759 est
988 720 1248 769 Weichertus‚
1270 721 1339 770 qui
1358 721 1503 760 litteris
1522 722 1588 760 La
1607 734 1699 761 eum

346 781 567 833 insignivit.

405 875 585 914 Alterius
622 874 800 914 familiae
838 874 1017 913 codicum
1053 875 1262 924 proprium
1299 876 1376 923 est,
1420 875 1525 925 quod
1562 875 1700 914 eadem

348 935 528 985 exempla
552 937 932 987 παραθαρρυντικῆς
954 946 1028 984 pro
1053 937 1363 986 παραμυθητικῇ
1384 929 1480 987 (72)
1504 935 1545 973 et
1563 939 1702 986 μικτῆς

347 989 445 1047 (92)
472 993 669 1042 exhibent,
700 1006 802 1044 quae
833 993 979 1043 prioris
1009 993 1188 1031 familiae
1218 993 1384 1042 codices,
1415 994 1484 1033 sed
1509 995 1549 1033 et
1573 1006 1701 1032 exem—

347 1053 459 1104 plum
492 1054 707 1105 genuinum
738 1058 876 1104 μικτῆς
908 1054 948 1091 et
978 1052 1051 1091 illa
1085 1053 1137 1091 18
1170 1065 1274 1091 nova
1312 1053 1491 1102 exempla
1527 1053 1699 1104 συμβου-

346 1111 893 1165 λευτικῆς--φυγαδευτικῆς
918 1107 976 1165 (n.
997 1112 1171 1151 42-59
1193 1106 1363 1165 Weich.)
1389 1111 1590 1151 omittunt.

407 1172 519 1211 Inter
555 1172 674 1211 huius
706 1171 866 1221 quidem
896 1170 1075 1210 familiae
1105 1170 1258 1210 codices
1290 1171 1437 1210 eminet
1468 1172 1702 1222 integritate

276 1238 345 1271 422
410 1234 477 1271 10.
505 1231 837 1271 Berolinensis
862 1244 919 1282 gr.
941 1230 1025 1270 308
1052 1224 1138 1282 (qu.
1161 1229 1205 1283 9)
1233 1225 1297 1282 (=
1319 1225 1370 1283 B)
1403 1230 1526 1269 chart.
1551 1231 1704 1269 formae

349 1293 478 1342 quart.
510 1303 561 1330 sc.
587 1290 661 1329 XV
685 1290 862 1337 miscell.‚
893 1289 989 1328 olim
1016 1287 1288 1328 Christiani
1312 1285 1510 1342 Kamul),
1541 1289 1608 1329 fol.
1631 1290 1704 1328 67¹

349 1352 486 1390 —73⁷
510 1349 692 1401 λιβανίου
718 1354 910 1400 σοφιστοῦ
935 1347 1218 1399 ἐπιστολιμαῖοι
1243 1354 1493 1400 χαρακτῆρες.
1524 1348 1703 1387 Litterae

346 1409 524 1449 initiales
549 1409 773 1448 rubricatae
798 1410 903 1447 sunt.
938 1408 986 1447 In
1010 1407 1086 1446 fine
1115 1409 1304 1447 ΤΕΛΟΣ
1325 1408 1482 1459 legitur.
1523 1407 1701 1447 Collatus

349 1471 411 1508 est
429 1482 452 1507 a
472 1468 698 1507 Weicherto
719 1463 776 1519 (p.
795 1462 943 1520 XLIV)
970 1469 1010 1505 et
1035 1480 1059 1505 a
1086 1480 1158 1516 me,
1185 1467 1253 1516 qui
1278 1480 1368 1505 eum
1394 1467 1530 1506 littera
1545 1467 1585 1505 B
1609 1466 1703 1505 insi·

351 1540 562 1580 gnlvimus.

423 1587 521 1626 Cum
547 1587 797 1626 Berolinensi
822 1587 920 1625 facit
945 1586 1065 1625 codex

279 1653 348 1685 423
414 1649 480 1686 11.
500 1646 751 1685 Parisinus
772 1645 934 1696 Suppl.
952 1646 1034 1685 165
1050 1645 1174 1685 chart.
1189 1645 1340 1683 formae
1353 1645 1428 1683 oct.
1443 1656 1494 1684 sc.
1505 1643 1706 1696 XVsXVI,

350 1706 446 1745 olim
466 1704 685 1744 Oratorii
704 1705 936 1753 Parisini,
961 1704 1028 1742 fol.
1052 1706 1136 1743 120
1156 1705 1369 1754 inscriptus
1389 1702 1569 1753 λιβανίου
1589 1713 1705 1752 σοφι-

351 1771 445 1804 στοῦ
471 1763 753 1815 ἕπιστολιμαΐοι
777 1769 1015 1816 χαρακτῆρες
1045 1766 1086 1802 et
1110 1759 1358 1813 subscriptus
1389 1763 1456 1802 fol.
1484 1763 1566 1802 141
1600 1759 1706 1807 τέλος

352 1830 430 1864 τῶν
461 1823 761 1874 ἔπιστολιμαίων
792 1821 1046 1874 χαρακτήρων
1076 1825 1129 1878 τῷ
1158 1825 1242 1875 θεῷ’
1273 1825 1325 1877 τῷ
1354 1819 1451 1877 ἁγίῳ
1483 1819 1604 1873 χάρις.
1639 1819 1702 1858 In-

354 1896 476 1933 spexi.

283 1948 349 1979 424
415 1944 481 1981 12.
501 1942 983 1981 Wolfenbuttelanus
1006 1942 1118 1980 3132
1137 1940 1366 1991 Augusteus
1392 1941 1487 1979 olim
1510 1940 1575 1977 18.
1593 1941 1613 1978 1
1633 1938 1702 1976 Ms.

354 2002 478 2040 chart.
493 2002 643 2040 formae
661 2003 736 2040 oct.
751 2014 803 2040 sc.
816 2001 911 2039 XVI
930 2002 1113 2040 exaratus
1133 2001 1175 2038 in
1195 1999 1398 2039 occidente
1418 1999 1468 2037 ab
1484 1997 1605 2038 Adol
1612 1997 1703 2048 pho

356 2055 582 2113 Occone²)
608 2062 709 2099 teste
728 2060 987 2109 inscriptione
1008 2060 1074 2098 fol.
1097 2060 1172 2098 67*
1191 2058 1365 2111 ἔγραψεν
1377 2054 1573 2107 ’Ἀδολφος
1592 2055 1708 2096 &mv

416 2166 450 2207 1)
465 2162 596 2198 Christ.
610 2161 761 2204 Ravius,
775 2161 944 2207 spolium
953 2161 1115 2196 Orientis
1129 2160 1206 2196 sive
1220 2159 1424 2205 catalogus
1437 2157 1708 2203 manuscripto-

355 2222 438 2245 rum
463 2209 704 2245 orientalium
732 2209 903 2244 Kiloniae
931 2212 1020 2244 1669
1048 2207 1218 2244 centuria
1241 2207 1292 2242 IV
1317 2219 1354 2242 n.
1381 2210 1489 2242 4-8:
1521 2204 1709 2242 Libanius

355 2258 399 2293 de
429 2258 613 2303 epistolica
638 2258 852 2293 charactere.
891 2256 1048 2302 Boyoen,
1083 2255 1215 2290 Philol.
1237 2254 1335 2290 XLII
1360 2257 1439 2289 292.
1467 2252 1504 2288 C.
1531 2253 1578 2287 de
1604 2251 1709 2292 Boor,

354 2304 594 2339 Verzeichnis
615 2305 681 2339 der
700 2304 963 2340 Griechischen
982 2302 1276 2339 Handschrifton
1295 2303 1361 2337 der
1380 2299 1528 2346 Konigl.
1546 2298 1642 2335 Bibl.
1663 2310 1707 2333 zu

355 2351 480 2388 Berlin
506 2352 539 2386 II
561 2355 639 2388 169.

416 2400 451 2443 2)
470 2399 605 2434 Parum
623 2400 725 2435 recte
743 2398 863 2444 Vogel
883 2400 922 2434 et
941 2397 1203 2434 Gardthausen
1223 2409 1259 2442 p.
1272 2400 1293 2432 8
1314 2397 1360 2430 dc
1378 2395 1548 2440 pluribus
1568 2392 1706 2429 codici-

356 2446 425 2481 bus
452 2445 810 2483 Wolfenhuttelanis
836 2446 883 2480 ab
910 2446 1056 2481 Occone
1081 2444 1243 2481 exaratis
1269 2442 1539 2490 cogitaverunt.
1573 2440 1710 2487 Agitur
