1872 2924
477 222 500 263 ς
517 223 548 256 1.
580 218 647 255 1)ss
672 218 995 256 Anvnasaaus
1019 218 1203 256 LIBANII
1464 219 1516 264 51

222 307 367 359 Itaque
400 308 536 348 extitit
561 308 631 359 qui
655 321 798 360 corpus
824 308 1085 359 epistularum
1105 308 1273 349 condere
1291 310 1521 359 susciperet.

163 367 280 416 Quod
310 380 390 408 non
421 367 482 407 ita
505 367 633 407 multo
657 370 751 420 post
774 367 936 408 Libanii
960 370 1129 408 mortem
1153 368 1306 408 factum
1330 380 1415 408 esse
1438 381 1521 408 ma-

163 428 268 468 xime
291 426 498 479 probabile
523 429 594 467 est.
628 427 764 480 Atque
789 428 943 468 aditum
962 427 1123 479 quidem
1142 430 1286 469 nactus
1305 430 1367 468 est
1384 427 1437 467 ad
1455 428 1524 468 ad-

163 487 353 537 versaria,
371 486 440 527 sed
459 487 557 527 haec
575 499 704 539 neque
722 487 844 539 plena
861 500 989 538 neque
1006 489 1167 540 integra
1185 491 1310 528 erant.
1342 487 1522 528 Libellus

162 546 228 588 vel
252 546 381 588 libelli
404 546 487 586 iam
510 559 591 587 non
616 549 828 598 compacti,
852 547 921 587 sed
939 547 1005 587 hic
1023 547 1108 587 illic
1126 547 1283 588 discissi
1301 549 1344 587 in
1363 550 1523 599 quater·

161 607 314 655 aiones,
343 607 545 647 terniones
572 606 638 647 vel
663 606 762 646 folia
786 610 901 647 erant
925 620 1141 658 eorumque
1166 608 1287 648 series
1312 606 1522 647 dissoluta.

162 664 354 706 Ordinem
383 666 560 706 solutum
590 668 638 706 ut
666 668 899 706 restitueret
928 679 1023 707 sane
1055 679 1217 718 operam
1243 667 1366 718 dedit,
1394 680 1523 718 neque

162 738 258 766 vero
283 738 438 777 semper
461 726 557 766 felix
582 725 679 766 fuit:
705 727 986 777 quaterniones
1012 727 1077 767 vel
1101 727 1202 767 folia
1224 726 1333 767 haud
1353 739 1446 767 raro
1464 727 1521 766 lo·

161 786 218 826 cis
249 785 363 826 salsis
392 786 563 826 inseruit
591 786 653 825 ita
675 788 723 825 ut
747 786 944 838 epistulae
968 786 1141 827 insertae
1165 788 1337 827 invicem
1362 785 1522 838 quidem

162 844 431 897 cohaererent,
449 845 518 886 sed
537 857 629 886 cum
648 846 972 886 antecedentibus
992 848 1033 886 et
1050 846 1308 897 sequentibus
1320 859 1401 886 non
1413 848 1521 886 item.

162 904 278 952 Quod
303 918 324 943 e
349 905 498 945 tabulis
524 918 549 945 a
574 905 795 946 Silomonio
823 907 889 945 17.
918 907 985 946 29.
1013 908 1068 947 35
1088 918 1147 958 sq.
1168 908 1222 946 47
1244 918 1302 958 sq.
1322 903 1522 959 congestis

159 964 311 1016 optime
342 966 526 1018 cognosci
550 967 684 1017 potest
693 960 740 1019 ¹).
771 965 910 1017 Neque
935 978 1070 1006 omnes
1096 965 1290 1017 epistulas
1314 966 1358 1005 in
1382 965 1521 1007 adver-

162 1023 281 1064 sariis
298 1025 490 1077 repperit,
508 1024 579 1065 sed
598 1022 771 1076 aliunde,
791 1025 1044 1077 potissimum
1069 1025 1120 1065 ab
1139 1027 1190 1065 iis
1210 1025 1261 1064 ad
1282 1038 1381 1077 quos
1399 1025 1520 1077 scrip·

160 1085 229 1124 tae
265 1088 396 1136 erant,
434 1086 644 1136 anquirere
681 1084 826 1125 debuit.
874 1084 952 1125 Sed
988 1086 1150 1125 minime
1182 1098 1318 1125 omnes
1348 1087 1521 1126 invenit:

157 1143 250 1195 plus
274 1156 355 1184 una
378 1143 491 1185 deest
515 1157 636 1196 quam
663 1157 704 1184 se
729 1146 934 1196 scripsisse
954 1144 1146 1185 Libanius
1171 1146 1257 1196 ipse
1281 1140 1519 1200 testatur');

162 1203 298 1255 plures
322 1204 405 1243 iam
431 1207 547 1244 erant
569 1207 790 1254 truncatae,
814 1207 862 1244 ut
886 1217 976 1244 cum
1001 1218 1047 1244 ex
1071 1205 1162 1245 aliis
1180 1208 1267 1245 tum
1287 1218 1333 1244 ex
1352 1218 1412 1257 ep.
1435 1206 1520 1245 138

158 1262 261 1302 nihil
285 1263 364 1303 nisi
389 1263 616 1315 fragmenta
642 1264 851 1305 exhibente
877 1267 1055 1316 apparet.

156 1400 398 1447 admiranda,
421 1402 554 1440 divina
577 1403 734 1450 denique
751 1404 911 1440 Libanii
933 1405 1111 1451 yravitae,
1134 1404 1367 1450 vehementia,
1384 1404 1519 1450 jocum·

156 1448 258 1486 ditae
281 1453 402 1496 atque,
424 1454 468 1487 ut
491 1461 572 1488 vere
595 1451 730 1495 dicam,
754 1452 852 1498 quod
874 1453 1004 1500 sentio,
1028 1452 1095 1497 vie,
1119 1463 1230 1498 quam
1254 1463 1301 1488 ne
1323 1452 1367 1488 in
1386 1452 1519 1489 Demo-

154 1496 279 1533 sthene
301 1497 450 1552 guidem
473 1498 516 1535 in
539 1498 606 1536 hoc
625 1500 842 1545 praesertim
866 1510 994 1546 genere
1017 1499 1129 1544 facile
1151 1501 1323 1546 reperias.
1361 1499 1518 1536 Ponti-

156 1554 236 1580 cus
259 1543 482 1581 Viruniue
500 1545 540 1582 in
559 1546 794 1593 praefidens
812 1547 995 1583 versionis
1014 1546 1156 1584 latinae
1173 1546 1420 1595 χαρακτήρων
1439 1549 1520 1585 im-

155 1591 391 1638 στολιμαίων,
411 1592 577 1630 Venetiis
593 1598 685 1630 1626
699 1594 825 1631 editae
838 1596 968 1641 (supra
979 1607 1013 1641 p.
1031 1599 1070 1631 21
1084 1597 1170 1641 sq.):
1190 1597 1291 1632 circa
1308 1606 1392 1632 vero
1409 1595 1519 1632 talem

155 1640 350 1677 materiam
374 1641 464 1687 quid
487 1642 619 1679 melius
642 1642 819 1687 Libente,
844 1643 936 1689 quid
960 1644 1108 1680 acutius
1132 1647 1165 1680 et
1190 1644 1335 1680 brevius
1358 1642 1436 1680 est?
1464 1644 1520 1680 eie

155 1686 387 1733 medullosus,
410 1690 466 1726 eie
488 1690 625 1734 clam.
649 1694 693 1727 ut
715 1695 803 1727 eune
827 1701 950 1728 omnes
970 1690 1116 1736 Graeci,
1139 1692 1213 1727 imo
1237 1691 1435 1728 detestatur
1458 1691 1519 1727 ob·

152 1736 366 1772 sanitatem
394 1738 614 1783 eor-imorum
646 1738 877 1776 doctissimus
903 1743 949 1782 et,
979 1749 1193 1785 quocunque
1214 1740 1375 1783 verteris,
1404 1740 1518 1776 mira-

155 1782 243 1820 baie
271 1787 323 1820 eet
352 1787 385 1821 et
415 1784 564 1821 tandem
592 1787 783 1823 sententiis
807 1789 841 1823 et
869 1786 1005 1832 florida
1028 1786 1235 1832 eloquentia
1258 1787 1519 1824 ornatissimus

153 1830 226 1867 etc.
251 1831 377 1868 Andr.
398 1831 620 1869 Schottus
645 1836 767 1880 (1⁶17)
801 1834 848 1870 de
875 1834 1026 1870 Liba-nii
1052 1833 1244 1880 epistulis:
1270 1834 1430 1871 disertus
1452 1835 1516 1871 καὶ

153 1875 409 1922 Ἀττικώτατος
431 1884 484 1917 eet
506 1883 663 1927 scriptor
686 1881 886 1926 (Meursius
912 1893 998 1928 opp.
1019 1881 1070 1917 xl
1088 1881 1156 1918 col.
1178 1883 1273 1928 274).
1300 1881 1517 1919 Reiskius

153 1925 194 1961 in
218 1925 384 1972 epistula
408 1939 440 1963 a.
466 1932 555 1964 1772
581 1929 630 1965 ad
655 1928 891 1976 Lessingium
911 1929 1002 1966 data
1019 1931 1070 1974 (u.
1090 1932 1160 1966 426
1179 1941 1215 1975 p.
1236 1932 1305 1965 851
1327 1930 1385 1966 ed.
1405 1929 1515 1966 Foet-

151 1974 259 2018 aton:
292 1973 359 2018 „In
390 1974 476 2011 dem
507 1975 633 2012 seinen
665 1977 743 2012 und
775 1976 957 2023 galanten
982 1976 1159 2024 Briesetyl
1190 1977 1335 2013 kommt
1365 1988 1406 2013 er
1430 1977 1517 2013 dem

151 2019 298 2058 Plinius
323 2021 407 2069 bey,
427 2022 474 2069 ,ia
492 2022 534 2070 je
559 2024 741 2060 zuweilen
765 2024 956 2061 flbertrifft
981 2036 1022 2061 er
1045 2024 1122 2061 ihn.
1162 2024 1280 2061 Unter
1304 2024 1377 2061 den
1402 2024 1517 2061 Alten

151 2067 274 2105 kenne
286 2068 349 2106 ich
361 2069 509 2116 keineu,
521 2071 588 2108 der
599 2071 670 2107 mit
680 2071 958 2108 Wohlanstand
971 2071 1048 2108 und
1105 2083 1170 2108 ace
1184 2083 1226 2108 so
1237 2072 1517 2119 Komplhuente

151 2115 357 2154 schneiden
386 2117 535 2154 konne“
590 2118 613 2155 J
622 2129 682 2156 ac.
708 2119 1019 2164 Burckhardt,
1091 2120 1125 2156 ie
1156 2120 1240 2157 Zeit
1270 2119 1515 2156 Constantius

152 2162 190 2201 d.
210 2162 271 2201 Gr.
291 2175 328 2219 p.
348 2169 435 2202 822:
461 2166 668 2211 „Libanius
692 2167 771 2203 und
797 2166 1057 2213 Symmachus,
1082 2167 1144 2204 die
1169 2179 1237 2204 aus
1252 2167 1380 2214 jedem
1397 2167 1515 2205 Brief-

152 2210 250 2248 chen
273 2222 335 2248 em
359 2212 506 2251 kleines
531 2214 758 2251 Kunetwerk
784 2215 978 2252 machen.‘⁸

212 2267 249 2310 1)
280 2264 379 2303 Mira
407 2266 478 2303 illa
509 2266 700 2304 inserendi
729 2268 828 2305 ratio
860 2280 958 2314 qnae
990 2279 1057 2315 per
1086 2271 1207 2305 totam
1238 2280 1302 2305 sex
1332 2268 1515 2306 librorum

149 2311 411 2350 collectionem
443 2315 675 2362 conspicitur
705 2315 953 2353 Silomonium
978 2327 1130 2353 monere
1155 2316 1300 2361 debuit,
1324 2327 1372 2353 ne
1391 2316 1437 2353 de
1458 2316 1515 2352 di-

149 2360 267 2397 veni·
290 2362 478 2409 cogitaret
502 2363 735 2399 editionibus
760 2364 994 2411 singulorum
1019 2363 1213 2400 librorum.

210 2415 247 2460 2)
272 2413 390 2452 Seeck
422 2419 465 2452 21
500 2427 555 2462 eq.
582 2415 777 2463 Epistulae
805 2420 919 2453 1—1'1
952 2428 1027 2453 non
1059 2418 1108 2453 ad
1139 2418 1358 2455 adversaria
1383 2418 1515 2463 redire,

146 2460 216 2497 sed
239 2462 439 2509 postmodo
462 2463 623 2500 insertas
648 2475 729 2500 esee
756 2464 934 2502 Seeckiue
959 2469 1005 2502 26
1030 2466 1113 2511 ipse
1138 2465 1335 2503 concessit.
