1872 2924
476 230 497 272 ᾖ
516 231 549 263 4.
587 225 653 263 DE:
678 224 931 263 CODICIBUS
957 223 1146 262 CLASSIS
1171 226 1208 261 Σ
1430 221 1512 267 121

164 318 290 358 1280.
330 318 428 358 700.
461 316 558 356 237.
592 316 690 356 617.
728 316 854 355 1041.
889 315 986 355 515.
1020 315 1118 354 383.
1153 314 1250 353 182.
1282 313 1380 353 636.
1416 312 1515 352 509.

161 378 259 418 819.
293 377 392 417 379.
426 376 552 417 1508.
579 375 684 425 352,
713 374 857 414 Iulian.
884 387 945 425 ep.
966 375 1020 414 74
1035 373 1104 422 H.;
1138 373 1233 414 758.
1263 372 1391 413 1395.
1417 372 1516 412 123.

162 438 260 478 121.
282 437 409 477 1340.
435 436 534 476 493.
560 435 658 475 366.
685 435 754 475 49.
775 435 881 484 864,
898 434 1042 474 Iulian.
1062 446 1122 484 ep.
1143 433 1199 473 39
1212 432 1282 483 H.;
1304 433 1402 472 158.
1416 432 1517 472 241.

161 497 260 537 685.
288 497 356 536 23.
385 496 481 536 105.
510 495 606 535 136.
634 495 731 535 518.
762 495 888 534 1201.
917 494 1013 533 153.
1042 494 1169 533 1533.
1196 494 1263 532 21.
1291 493 1390 532 369.
1416 492 1516 532 806.

162 558 289 597 1131.
316 555 414 596 388.
443 556 539 595 608.
568 555 695 594 1220.
723 555 820 595 312.
846 553 1020 593 Nomina
1039 565 1188 602 eorum,
1206 551 1258 591 ad
1277 563 1377 603 quos
1395 550 1516 591 datae

157 618 264 667 sunt,
277 627 367 655 cum
379 614 578 654 Vaticano
595 615 707 654 1353
727 614 809 653 fore
828 616 1063 665 congruunt.
1084 611 1334 664 Rostgaardo
1351 612 1519 664 ignotus

156 675 315 716 mansit.
352 673 526 726 Inspexi.

228 735 315 775 Iam
340 733 574 774 nominandi
598 737 692 773 sunt
715 733 795 773 duo
818 732 984 783 codices,
1008 734 1079 783 qui
1103 732 1284 784 longiore
1301 730 1518 771 intervallo

157 808 182 835 a
205 794 238 835 8
259 794 424 835 distant.
459 793 638 841 Quorum
661 793 774 844 prior
797 794 859 833 est

219 856 287 896 92.
314 853 584 894 Chalcenus
615 853 905 893 monasterii
930 851 969 893 S.
988 851 1253 892 Trinitatis
1281 851 1366 891 145
1397 850 1518 890 hodie

156 915 198 954 in
228 914 474 955 bibliotheca
503 912 664 953 scholae
688 912 953 965 Theologicae
983 911 1183 963 repositus
1213 911 1338 951 chart.
1364 910 1519 951 formae

156 977 234 1015 oct.
253 986 306 1015 sc.
326 974 422 1013 XIV
434 969 468 1028 ²)
487 973 556 1014 fol.
579 973 834 1012 377-399ν
853 984 991 1011 umore
1010 974 1053 1011 et
1071 970 1271 1011 vermibus
1289 970 1395 1010 male
1413 973 1517 1010 trac-

155 1036 278 1075 tatus.
314 1033 439 1081 Quem
465 1035 630 1084 propter
653 1035 784 1072 terrae
802 1034 958 1071 motum
976 1032 1020 1071 in
1038 1031 1248 1083 hypogaeo
1266 1029 1517 1070 reconditum

156 1106 249 1135 cum
278 1093 379 1134 mihi
409 1093 452 1133 iu
482 1093 615 1132 insula
649 1091 796 1132 Chalce
825 1093 1004 1132 versanti
1033 1091 1228 1142 inspicere
1258 1103 1337 1130 non
1367 1089 1519 1139 liceret,

152 1155 180 1195 t.
200 1153 239 1192 V
265 1155 351 1193 224
362 1166 421 1205 sq.
459 1153 507 1192 de
544 1165 610 1201 eo,
646 1165 750 1203 quae
786 1151 1071 1202 Papadopulus
1107 1149 1325 1191 Kerameus
1361 1161 1518 1189 mecum

153 1213 536 1262 communicaverat,
559 1212 764 1252 rettulisse
788 1212 888 1253 satis
912 1211 1045 1252 habui.
1077 1210 1194 1250 Nunc
1218 1209 1327 1261 quod
1349 1209 1519 1250 meliora

151 1273 317 1314 edoctus
335 1285 423 1313 sum
442 1272 743 1312 benevolentiae
762 1271 885 1311 debeo
905 1271 1141 1322 Hieronymi
1151 1269 1423 1315 Markowskii,
1441 1270 1516 1320 qui

154 1345 189 1373 a.
208 1334 322 1373 1912
349 1332 525 1373 codicem
550 1345 683 1372 meum
708 1332 749 1371 in
774 1343 891 1371 usum
915 1331 1046 1370 denuo
1063 1331 1337 1381 perscrutatus
1355 1323 1472 1382 est').

213 1392 407 1434 Collectio
433 1393 488 1432 67
516 1392 783 1443 epistularum
806 1391 875 1432 fol.
896 1391 1153 1430 377—399'
1178 1401 1301 1429 manu
1325 1388 1377 1429 ab
1402 1391 1513 1428 ante·

151 1452 383 1493 cedentibus
407 1451 565 1492 diversa
589 1452 830 1503 scriptarum
856 1451 1036 1502 eclogam
1060 1451 1336 1501 repraesentat
1354 1461 1376 1488 e
1394 1450 1436 1488 Σ
1451 1461 1514 1487 or-

150 1512 246 1553 dine
269 1514 431 1564 saepius
455 1511 619 1552 turbato
644 1523 765 1563 quam
790 1512 950 1550 servato
974 1510 1123 1550 factam
1149 1512 1191 1549 et
1208 1508 1411 1549 nonnullis
1430 1507 1513 1558 epi·

150 1573 270 1613 stulis
295 1571 458 1612 aliunde
482 1571 655 1623 sumptis
679 1584 726 1611 ex
745 1571 964 1622 archetypo
983 1571 1154 1609 auctam.
1178 1568 1328 1620 Incipit
1344 1568 1514 1618 inscrip-

150 1632 262 1673 tione
280 1633 398 1684 priva
421 1632 607 1683 epistulis
629 1632 727 1680 374,
749 1631 847 1681 435,
868 1631 953 1670 357
981 1632 1022 1670 et
1039 1629 1188 1670 desinit
1210 1641 1271 1680 ep.
1292 1629 1392 1678 802,
1413 1628 1514 1678 173,

151 1693 251 1734 909.
288 1692 350 1732 Ex
369 1692 563 1743 ampliore
582 1691 742 1743 sylloga
759 1702 826 1730 eas
845 1701 930 1730 esse
949 1690 1097 1729 electas
1116 1703 1138 1729 e
1155 1689 1331 1729 numeris
1343 1689 1515 1740 apparet

149 1753 193 1791 in
210 1751 463 1804 marginibus
483 1751 534 1791 ad
554 1751 718 1791 ultimas
738 1751 933 1802 epistulas
952 1749 1027 1789 etsi
1047 1750 1177 1789 altera
1194 1761 1317 1788 manu
1336 1747 1511 1798 adscrip-

149 1811 215 1852 tis.
253 1812 357 1851 Nam
389 1811 442 1851 ad
472 1824 533 1862 ep.
555 1813 611 1851 60
637 1806 704 1865 (-
725 1811 840 1850 1048
887 1809 1134 1860 adscriptum
1161 1810 1222 1848 est
1246 1804 1345 1861 ρξοί,
1376 1807 1428 1848 ad
1454 1807 1511 1846 62

148 1867 215 1927 (-
238 1867 372 1925 1004)
400 1867 497 1924 ρξς’,
521 1870 573 1910 ad
593 1872 648 1910 67
669 1865 735 1925 (-
757 1871 841 1910 909
882 1866 979 1922 ροβ.
1008 1868 1087 1909 Sed
1105 1869 1228 1908 etiam
1246 1868 1404 1920 sylloge.
1422 1866 1513 1917 ipsa

149 1931 330 1983 pluribus
343 1931 443 1971 locis
456 1930 697 1970 detrimenta
709 1929 826 1980 cepit.
853 1929 926 1980 Ep.
938 1930 991 1969 13
1006 1930 1111 1969 enim
1125 1924 1189 1981 (—
1205 1923 1312 1981 366)
1325 1927 1395 1967 fol.
1404 1927 1511 1966 374*

210 2023 244 2067 l)
270 2020 324 2058 Cf.
344 2023 372 2058 t.
392 2021 426 2057 V
446 2025 516 2057 224
541 2033 578 2057 n.
597 2025 678 2057 21³.

210 2071 245 2116 2)
270 2067 324 2105 cf.
352 2079 451 2116 quae
481 2069 633 2106 interim
665 2080 710 2105 ex
735 2067 817 2104 eius
842 2067 989 2104 schedis
1015 2067 1061 2103 de
1086 2066 1216 2103 codice
1239 2063 1372 2102 rettuli
1395 2065 1422 2100 t.
1443 2063 1512 2100 vu

147 2119 230 2154 581.
267 2116 327 2153 Ad
352 2128 408 2161 ea,
433 2127 532 2163 quae
555 2118 581 2153 t.
603 2116 637 2153 V
656 2119 726 2152 224
787 2144 794 2151 .
821 2115 995 2162 exposui,
1020 2113 1276 2161 supplementi
1303 2113 1385 2149 loco
1409 2111 1513 2148 addo

146 2163 299 2211 μελέτας
334 2163 508 2213 λιβανίου
544 2162 702 2211 §riteque
736 2163 799 2200 fo.
834 2166 924 2200 286*
962 2162 1130 2209 incipere
1166 2162 1215 2198 sb
1251 2159 1367 2206 Εἰμὲν
1404 2159 1511 2208 ἐβού-

147 2214 230 2249 λετο
263 2212 304 2249 id
335 2214 395 2249 est
424 2224 448 2249 a
478 2211 755 2249 declamatione
786 2210 950 2247 Menelai
981 2213 1041 2256 (-=
1068 2212 1095 2246 t.
1115 2208 1150 2246 V
1169 2211 1271 2254 201),
1372 2207 1412 2244 ui
1442 2207 1508 2244 fol.

147 2262 238 2295 290v
262 2261 306 2296 ut
330 2259 580 2296 Libanianam
609 2259 846 2305 Ἀφαιοιθεὶς
870 2258 1055 2306 digentis,
1085 2257 1150 2294 fol.
1170 2260 1255 2294 ⁸04¹
1285 2266 1334 2293 an
1382 2255 1510 2302 ogiam

147 2307 307 2344 Achillis
332 2309 373 2354 (t.
396 2307 427 2342 V
447 2310 549 2354 303),
574 2307 638 2344 fol.
659 2310 746 2344 ³19⁸
770 2303 895 2354 Ἔχων
918 2320 975 2348 τις
998 2306 1069 2342 δύο
1093 2306 1235 2347 παῖδας
1265 2305 1305 2350 (t.
1325 2302 1394 2339 vn
1412 2304 1509 2350 588).

146 2354 320 2392 Ceterum
352 2356 470 2392 codex
500 2367 588 2402 pm
618 2355 767 2391 videtur
797 2364 878 2391 esse
902 2353 1053 2391 Libanii
1085 2352 1188 2390 illius
1218 2362 1330 2399 quem
1360 2350 1511 2387 duobus

146 2402 401 2439 voluminibus
427 2403 739 2450 comprehensum
765 2401 805 2438 in
830 2401 1063 2439 bibliotheca
1088 2399 1307 2437 monasterii
1330 2397 1369 2436 S.
1386 2398 1510 2435 Trini-

143 2449 441 2534 gatisOChalceni
466 2462 500 2487 a.
524 2454 616 2487 1888
641 2450 738 2487 vidit
762 2448 964 2486 Zacharias
996 2448 1044 2486 de
1068 2447 1297 2496 Lingenthal
1318 2445 1445 2493 (Reise
1469 2445 1511 2482 in

171 2508 218 2534 en
277 2498 375 2534 rient
400 2502 495 2544 303).
