1872 2924
371 212 392 254 ς
410 213 445 246 4.
483 208 549 246 ΒΕ
574 209 772 248 omnus
797 210 1050 250 conlcmus
1075 212 1268 251 cmsls
1294 216 1332 251 Σ
1447 214 1532 259 123

162 294 207 336 τὸ
232 295 306 350 τὴν
323 297 466 351 βίβλων
488 297 686 353 βραχῆναι
709 298 777 341 καὶ
801 299 894 350 τοὺς
918 299 1259 355 ἐγγεγραμμένους
1282 309 1533 358 χαρακτῆρας

161 353 450 409 lentunen-ysam
478 355 621 408 τέλεον,
651 359 711 399 ita
741 360 870 400 multa
901 363 1187 412 praetermisit,
1217 363 1325 403 inter
1355 376 1458 415 quae
1490 366 1533 404 et

163 416 360 467 plurimas
380 417 473 458 illas
491 418 685 470 reliquias
703 419 969 471 epistularum
989 424 1031 461 et
1048 421 1225 462 Patrocli
1246 423 1532 475 fragmentum.

163 475 212 515 A.
234 476 349 516 1896
376 476 614 519 examinavi.

223 535 340 576 Alter
363 537 500 588 codex,
524 538 595 589 qui
620 538 801 590 longiore
824 540 1040 580 intervallo
1066 552 1091 579 a
1114 540 1147 580 S
1167 540 1305 590 distat,
1332 543 1394 581 est

223 596 293 636 94.
318 595 679 638 Laurentianus
704 598 856 638 mn
876 600 932 639 37
958 594 1025 654 (-
1040 595 1093 654 L)
1118 612 1171 640 sc.
1185 597 1339 656 xlv¹)‚
1362 602 1530 642 tomas

161 654 383 706 inscriptus
406 669 528 697 manu
553 658 728 698 secunda
752 656 951 699 ἐπιστολαὶ
974 659 1170 712 λιβανίου.
1202 659 1308 700 Sunt
1331 662 1416 701 249
1446 662 1531 713 epi-

160 714 305 755 stulae.
337 713 447 756 Ordo
471 729 564 756 raro
589 716 696 757 idem
720 718 791 769 qui
815 719 859 757 in
877 720 927 769 Σ,
951 718 1188 771 plerumque
1207 721 1325 760 valde
1350 722 1531 761 mutatus

161 777 235 814 est.
276 774 428 826 Incipit
458 788 484 816 a
513 778 751 818 commercio
782 778 993 829 epistolico
1022 779 1167 819 Basilii
1198 782 1240 819 et
1268 779 1432 820 Libanii
1459 777 1530 834 (cf.

161 834 270 873 infra
287 834 362 874 sub
381 848 420 875 n.
435 831 553 890 347).
588 835 824 888 Sequuntur
841 850 902 888 ep.
920 839 1016 878 143.
1038 839 1106 879 68.
1129 841 1229 880 122.
1251 841 1318 880 72.
1340 841 1408 880 93.
1430 841 1530 883 103.

164 893 263 933 756.
292 895 389 934 773.
418 896 515 936 741.
544 897 627 936 797
656 896 795 937 ordine
819 898 902 937 fere
927 898 1066 938 eodem
1090 901 1214 950 atque
1239 900 1281 939 in
1300 899 1530 940 Meursiano

160 965 200 993 n.
222 954 478 1004 145-155‚
502 955 573 995 sed
597 969 701 1007 quae
726 956 1037 1008 subsequuntur,
1062 958 1179 998 illum
1203 958 1385 999 ordinem
1410 959 1530 1011 plane

159 1012 431 1054 deseruerunt.
475 1014 510 1053 Ε
540 1018 656 1067 parte
685 1016 784 1057 ordo
815 1017 1082 1068 epistularum
1112 1030 1205 1058 cum
1229 1018 1361 1059 Vatic.
1387 1033 1446 1072 gr.
1472 1021 1528 1059 82

159 1071 229 1113 fol.
251 1073 487 1114 250—253
513 1075 690 1116 concinit
712 1070 783 1131 (cf.
808 1076 916 1116 infra
939 1076 1015 1117 sub
1039 1091 1077 1117 n.
1100 1073 1219 1132 194),
1243 1085 1286 1118 et
1308 1078 1383 1119 sub
1408 1078 1528 1118 finem

160 1131 213 1172 ab
239 1145 300 1184 ep.
322 1134 421 1174 375.
449 1135 534 1174 376
569 1135 667 1175 ordo
697 1148 822 1187 prope
854 1136 906 1176 ad
930 1136 1119 1177 Laurent.
1142 1137 1258 1178 LVII
1280 1139 1338 1179 47
1365 1139 1530 1179 accedit.

160 1190 240 1231 Sed
271 1194 396 1232 etiam
427 1193 589 1234 aliunde
619 1195 877 1236 intermixtae
908 1199 1004 1236 sunt
1033 1198 1249 1248 epistulae,
1286 1210 1366 1238 non
1397 1198 1530 1238 solum

159 1250 267 1291 duae
291 1251 456 1302 Iuliani,
481 1255 594 1305 prior
610 1249 676 1307 (-
698 1256 754 1295 34
775 1249 923 1309 Hertl.)
948 1256 1056 1295 inter
1081 1257 1167 1296 819
1194 1259 1237 1297 et
1262 1258 1317 1297 35
1328 1252 1376 1312 ³),
1402 1258 1531 1298 altera

157 1304 298 1365 (1205
318 1312 381 1352 W.
406 1330 452 1344 —
480 1314 536 1352 54
561 1310 711 1366 Hertl.)
748 1314 1009 1366 inscriptione
1045 1317 1164 1367 priva
1197 1316 1304 1357 inter
1339 1319 1453 1358 1202
1489 1319 1532 1356 et

164 1371 298 1421 1160,
329 1371 399 1411 sed
423 1373 547 1412 etiam
571 1374 788 1414 nonnullae
813 1374 1010 1426 epistulae
1035 1374 1198 1416 Libanii
1221 1371 1372 1430 (1122.
1400 1378 1530 1418 1201.

162 1431 291 1470 1213.
313 1433 442 1472 1404.
465 1434 591 1472 1222.
613 1434 741 1474 1352.
770 1435 897 1474 1305.
927 1436 1053 1475 1247.
1080 1430 1201 1489 491),
1226 1448 1330 1487 quae
1353 1436 1532 1478 maxima

157 1502 181 1529 e
204 1491 321 1541 parte
346 1504 372 1530 a
389 1493 431 1531 Σ
453 1492 645 1532 afuerunt
669 1495 711 1533 et
734 1506 827 1534 cum
850 1494 1042 1534 lectiones
1061 1494 1185 1535 etiam
1210 1507 1236 1535 a
1257 1496 1294 1535 V
1308 1495 1530 1547 discedant,

159 1549 213 1588 ad
236 1562 266 1590 a
288 1549 420 1591 redire
443 1551 643 1592 videntur.
683 1552 839 1594 Harum
864 1553 1141 1605 epistularum,
1167 1567 1267 1606 quas
1285 1555 1455 1596 Wolfius
1481 1568 1530 1595 ex

160 1610 396 1661 apographo
414 1610 669 1664 Rostgaardi,
694 1614 767 1664 qui
784 1612 962 1653 codicem
981 1613 1267 1654 Mediceum
1290 1613 1321 1654 O
1347 1615 1529 1666 appella—

160 1670 234 1717 vit,
259 1669 398 1719 edidit,
421 1670 613 1711 lectiones
637 1671 769 1712 denuo
795 1672 960 1712 contuli.

220 1787 319 1838 lam,
337 1790 387 1828 ut
405 1801 632 1829 summam
650 1790 849 1831 faciamus
861 1803 1010 1841 eorum,
1031 1803 1134 1842 quae
1148 1791 1197 1832 de
1210 1791 1414 1832 codicibus
1427 1792 1528 1832 clas-

158 1848 215 1887 sis
234 1849 276 1887 Σ
296 1849 564 1900 exposuimus,
587 1862 778 1891 numerus
802 1863 940 1890 eorum
963 1851 1094 1892 maior
1117 1852 1180 1891 est
1196 1863 1319 1903 quam
1338 1853 1387 1891 ut
1406 1852 1530 1892 liceat

159 1906 222 1946 vel
248 1920 270 1947 e
294 1920 338 1948 re
361 1909 417 1948 sit
446 1910 625 1949 omnium
656 1910 721 1950 vel
744 1910 1015 1960 plurimorum
1041 1910 1233 1951 lectiones
1258 1911 1300 1949 in
1325 1914 1528 1962 apparatu

158 1978 361 2016 reponere.
411 1967 459 2007 In
483 1970 623 2019 paucis
648 1970 980 2020 acquiescendum
1005 1972 1067 2010 est
1091 1969 1295 2010 codicibus
1319 1971 1449 2021 iisque
1476 1971 1527 2010 ad

159 2025 377 2077 imaginem
408 2027 556 2068 codicis
586 2030 629 2068 Σ
662 2028 948 2069 adumbrandis
981 2029 1154 2070 maxime
1187 2029 1352 2071 idoneis.
1402 2030 1529 2083 Digni

158 2085 260 2124 mihi
286 2085 364 2125 visi
394 2089 507 2137 sunt,
539 2100 706 2138 quorum
739 2088 930 2129 lectiones
962 2089 1105 2139 plenae
1138 2089 1432 2139 proferrentur,
1463 2102 1527 2131 co—

157 2144 268 2184 dices
290 2144 324 2184 S
345 2147 387 2185 et
420 2146 479 2186 Vi.
526 2145 719 2187 Codicum
743 2159 837 2187 vero
863 2148 969 2194 Bas,
996 2148 1126 2193 Laur,
1155 2149 1294 2193 Bam,
1322 2148 1390 2188 La
1419 2149 1527 2189 ratio

159 2204 243 2244 fere
273 2204 415 2244 habita
444 2218 525 2245 non
556 2208 617 2246 est
647 2207 726 2246 nisi
754 2206 827 2246 ubi
856 2207 919 2246 illi
943 2206 1183 2248 deficiebant
1206 2207 1270 2247 v'el
1301 2207 1346 2247 hi
1371 2208 1529 2260 aliquid

159 2263 280 2314 plane
303 2264 563 2306 memorabile
586 2266 846 2316 praebebant.

224 2355 257 2398 1)
282 2353 336 2389 cr.
357 2357 384 2390 t.
402 2353 454 2390 lv
473 2357 542 2391 sos
567 2366 603 2391 ιι.
620 2358 699 2392 144.

221 2403 257 2446 Ξ)
289 2401 432 2438 Eadem
462 2402 628 2448 epistula
655 2403 774 2439 etiam
805 2403 845 2439 in
870 2403 992 2440 Vatic.
1015 2415 1071 2452 gr.
1094 2407 1204 2450 1⁸70,
1237 2403 1305 2440 sed
1335 2403 1412 2440 alio
1443 2403 1526 2440 loco

158 2447 301 2484 inserta
324 2451 394 2486 est.
431 2449 527 2486 Vide
552 2450 651 2486 infra
675 2451 744 2487 sub
769 2462 805 2487 n.
821 2454 902 2487 164.
