1872 2924
358 204 417 246 24
453 203 636 239 LIBANH
662 202 744 246 QUI
768 202 1035 238 FERUNTUR
1059 202 1407 239 CHARAOTERES
1428 203 1691 240 EPISTOLICI

361 292 555 343 epistulae
582 304 745 342 graecae
776 292 955 331 noviciae
987 305 1011 330 a
1035 291 1239 342 discipulis
1261 291 1471 343 Hartungi.
1489 291 1658 344 Georgio
1684 305 1710 332 a

361 351 613 401 Schomberg,
626 351 780 389 Davide
794 351 997 401 Capitone,
1011 350 1154 389 Iacobo
1167 350 1325 400 Vaccio‚
1343 351 1569 402 Augustino
1583 351 1708 390 Gunt-

359 423 465 461 zero,
502 410 636 449 Marco
666 410 932 459 Aequatorio,
970 409 1128 448 Cunone
1159 422 1183 448 a
1214 410 1438 459 Vualbrun,
1474 411 1710 450 Balthasare

358 470 557 509 Acanthio
582 469 623 507 in
648 482 868 508 sermonem
892 469 1063 508 latinum
1089 481 1309 508 conversae.

422 531 487 568 63.
513 528 664 567 Partim
689 529 872 578 repetita,
896 530 1044 579 partim
1071 530 1188 567 aucta
1212 531 1272 567 est
1291 541 1411 578 opera
1429 529 1712 580 Hartungiana

357 588 399 626 in
436 588 538 627 libro
576 589 790 637 inscripto:
840 587 1111 635 Epistolarum
1149 587 1525 627 Gonsmbendarmn
1559 589 1708 627 Metho-

358 648 444 692 dus,
470 659 553 686 una
578 658 664 686 cum
682 647 896 695 Exemplis,
914 648 1050 686 incerti
1068 648 1249 696 auctoris,
1271 646 1417 686 Graece
1435 650 1470 687 et
1486 647 1643 693 Latine,
1666 649 1711 686 in

360 708 562 754 utriusque
587 707 743 754 linquae
766 706 1028 745 studiosorum
1049 708 1221 755 qratiam
1244 718 1349 745 nunc
1366 707 1485 745 multo
1503 719 1622 755 qaam
1640 718 1710 745 an-

360 768 421 805 tea
446 768 481 805 et
504 765 740 804 emendatior
765 768 799 803 et
823 766 1045 814 locupletior
1069 766 1182 805 edita.
1214 766 1367 805 Ioanne
1389 765 1579 805 Sambuco
1603 765 1709 804 Pan-

358 836 457 864 none
490 825 737 864 Tirnaviensi
767 826 983 872 interprete.
1020 825 1133 874 Item,
1159 820 1422 864 Ἐιιειστολικοὶ
1453 824 1594 876 Teum,
1625 824 1712 864 Hoc

359 887 430 929 est,
467 884 737 933 Epistolarum
767 885 918 932 formae
948 886 1062 932 quasi
1091 885 1231 934 ftanis
1261 885 1494 934 designatae.
1533 884 1711 923 Libellus

352 944 475 992 plane
492 955 647 987 aureus,
666 945 953 992 nwncprimum
967 944 1015 982 ab
1030 944 1158 983 eodem
1169 943 1284 982 Ioan.
1296 942 1486 983 Sambueo
1500 944 1546 982 de
1561 943 1710 983 Graeco

360 1003 532 1041 Latinus
555 1004 695 1051 factus.
727 1001 956 1041 Adice-fimus
981 1006 1015 1041 et
1039 1003 1206 1041 aliorum
1226 1002 1274 1041 de
1290 1003 1502 1042 scribendis
1520 1002 1711 1051 Epistolis

358 1062 515 1101 libellos.
556 1062 754 1107 Basileae,
786 1063 864 1101 Per
897 1062 1088 1101 Ioannem
1125 1061 1340 1111 Oporinum
1374 1064 1415 1101 et
1448 1061 1710 1111 subscriptae:

358 1120 476 1160 Anno
512 1121 662 1160 Salutis
698 1122 893 1160 humanae
925 1122 986 1160 M.
1013 1121 1065 1164 D.
1089 1122 1191 1161 LII.
1223 1122 1362 1160 Mense
1391 1122 1554 1161 Martio.
1598 1120 1709 1159 Sam·

358 1181 483 1220 bueus
503 1181 608 1219 enim
628 1182 767 1219 auctor
784 1181 876 1219 libri
896 1181 1070 1231 primum
1089 1194 1126 1231 p.
1142 1182 1285 1220 9—-23
1306 1180 1472 1231 praebet
1489 1181 1709 1219 versionem

358 1240 584 1279 liberiorem
621 1241 752 1279 textus
783 1240 1054 1291 Hartungiani
1079 1241 1334 1290 inscriptam:
1358 1240 1438 1279 vDe
1474 1239 1710 1279 conscriben-

359 1300 420 1338 dis
452 1300 619 1348 epistolis
650 1299 801 1338 libellus
831 1300 878 1339 de
904 1311 1044 1349 yraeco
1067 1300 1240 1339 Latinus
1269 1301 1397 1349 faetus
1420 1311 1496 1348 per
1519 1300 1710 1337 Ioannem

358 1358 594 1398 Sambucwm
618 1359 681 1404 P„
712 1359 759 1396 de
788 1371 869 1408 qua
893 1359 936 1397 in
960 1359 1207 1409 praefatione
1232 1358 1502 1410 Wuolfgango
1527 1360 1568 1397 et
1591 1356 1710 1397 Geor—

359 1419 425 1469 gio
439 1417 649 1467 Kremeris,
662 1417 951 1457 Viennensibus
971 1418 1204 1468 Austriacis,
1224 1417 1385 1468 Georgii
1405 1418 1577 1456 Tanneri
1595 1416 1710 1455 disci-

359 1478 480 1527 pulis,
504 1477 687 1516 Lutetiae
714 1490 746 1516 a.
777 1479 887 1516 1551
923 1477 1124 1528 adscripta
1153 1478 1250 1516 haec
1281 1477 1394 1516 dicit:
1441 1477 1621 1517 Converti
1650 1476 1712 1514 his

359 1537 493 1576 diebus
517 1537 709 1586 Lybanii,
741 1539 786 1575 nt
809 1537 961 1585 quidem
992 1538 1088 1576 mihi
1111 1536 1280 1581 videtur,
1306 1537 1477 1575 libellum
1501 1537 1548 1575 de
1570 1536 1711 1584 formis

361 1596 654 1644 epistolarum..
671 1625 679 1634 .
710 1596 829 1645 Quem
848 1599 883 1635 et
899 1597 1030 1644 ipsum
1047 1597 1154 1635 vobis
1173 1607 1238 1645 eqo
1256 1606 1436 1644 nuncupo
1448 1596 1708 1643 fratribus...

359 1655 482 1694 Porro
525 1657 653 1694 autem
687 1656 909 1703 praesentio
944 1656 1046 1694 hane
1074 1657 1250 1704 primam
1286 1657 1400 1703 quasi
1434 1655 1709 1704 inyressionem

362 1715 530 1754 vertendi
547 1726 684 1760 meam,
708 1727 786 1753 non
805 1715 958 1763 quidem
975 1716 1087 1754 illam
1104 1725 1248 1754 novam
1265 1716 1427 1759 ratione,
1451 1713 1520 1752 sed
1544 1726 1569 1751 a
1591 1713 1710 1751 doctis

358 1776 575 1824 repetitam,
599 1774 829 1813 nonnullam
853 1775 1075 1813 habituram
1099 1773 1442 1823 reprehensionem,
1467 1773 1568 1822 quod
1593 1784 1638 1811 ea
1663 1773 1708 1810 li-

360 1834 486 1872 berior
509 1834 570 1872 sit.
607 1833 762 1882 Neyare
785 1834 827 1871 id
850 1845 929 1872 non
948 1845 1118 1882 possum.
1164 1833 1423 1872 Veruntamen
1445 1833 1521 1881 feci
1544 1832 1603 1877 id,
1628 1833 1709 1869 twm

358 1894 452 1940 quia
484 1892 678 1940 exemplar
710 1892 904 1931 Graecum
934 1894 1158 1932 mendosum
1188 1895 1291 1931 erat:
1320 1895 1401 1930 tum
1430 1893 1524 1940 qm’a
1546 1902 1626 1929 non
1649 1901 1707 1929 so-

359 1953 440 1990 lum
465 1952 582 1990 verba
606 1952 816 1997 reddenda,
841 1954 908 1991 sed
931 1964 1020 1991 vero
1047 1953 1159 1991 etiam
1185 1953 1304 1991 latine
1321 1951 1544 2001 faciendum
1561 1950 1604 1988 id
1629 1961 1708 1988 esse

352 2012 504 2059 putavi.
538 2010 615 2049 Sed
641 2011 761 2049 etiam
788 2011 965 2050 ordinem
991 2024 1069 2061 quo
1095 2011 1254 2062 singula
1278 2011 1538 2061 epistularum
1563 2021 1708 2060 genera

359 2071 584 2108 tractantur
602 2071 756 2109 ratione
776 2083 892 2119 nova,
917 2071 964 2109 de
983 2083 1062 2120 qua
1082 2071 1327 2109 Weiehertus
1347 2083 1386 2120 p.
1403 2069 1533 2108 LXXI
1552 2081 1609 2118 sq.
1628 2070 1707 2106 ret-

359 2129 468 2177 tulit,
493 2131 677 2168 mutavit.
710 2129 940 2179 Sequuntur
963 2131 1093 2169 versio
1118 2129 1246 2168 latina
1266 2125 1546 2167 Ἐπιστολικῶν
1572 2126 1707 2166 τύπων

359 2202 396 2238 p.
412 2189 586 2227 30—44
612 2189 720 2227 faeta
739 2202 764 2227 a
783 2188 990 2238 Sambuco,
1014 2191 1147 2228 textus
1172 2189 1299 2227 libelli
1318 2188 1621 2239 Hartungianus
1646 2186 1704 2224 in-

359 2249 530 2297 scriptus
561 2245 649 2298 περὶ
679 2253 749 2287 τοῦ
773 2246 1042 2287 ἐπισταλτικοῦ
1068 2253 1307 2301 χαρακτῆρος
1332 2261 1421 2286 cum
1445 2247 1623 2286 versione
1648 2245 1706 2283 la-

358 2308 445 2345 tina
464 2306 629 2356 Caspari
643 2307 804 2345 Stiblini
825 2310 864 2346 et
878 2307 1151 2357 christophori
1167 2306 1354 2346 Casseani
1371 2320 1409 2356 p.
1423 2306 1612 2353 48-73,
1630 2317 1703 2342 πα·-

359 2365 596 2418 ραὸείγματα
614 2371 692 2404 τῶν
712 2364 924 2405 {nunonem
945 2362 1040 2420 (37)
1067 2379 1154 2405 cum
1181 2368 1359 2406 versione
1383 2366 1513 2404 latina.
1529 2378 1566 2414 p.
1590 2363 1704 2402 74—

362 2426 464 2475 131,
496 2427 629 2463 textus
660 2438 823 2476 graecus
852 2421 1130 2465 Ἐπιστολικῶν
1159 2425 1295 2465 τύπων
1319 2439 1356 2476 p.
1380 2424 1612 2471 132—143,
1642 2422 1704 2460 lo-
