1872 2924
401 223 422 265 fl
441 223 477 259 9.
512 218 578 256 ΒΕ
602 219 789 257 canum
813 219 847 256 A
872 214 1098 258 CORPORE:
1122 220 1303 259 ALOENO
1445 223 1534 266 175

170 309 270 351 804.
304 309 401 350 736.
434 309 532 349 663.
565 309 664 350 639.
696 309 796 350 558.
828 310 927 351 528.
962 310 1089 350 1431.
1118 311 1245 351 1439.
1274 311 1399 352 1533.
1427 312 1529 352 842.

171 369 269 410 635.
307 367 354 409 In
385 368 463 409 fine
494 368 644 421 legitur
668 368 908 421 subscriptio
932 367 1041 419 τέλος
1064 374 1144 410 τῶν
1167 370 1351 424 λιβανίου
1374 370 1529 413 ἐπιστο-

167 430 259 469 λῶν.
293 426 371 469 Hic
396 441 554 480 quoque
577 427 675 469 fides
698 428 742 468 in
766 429 996 470 nominibus
1021 442 1157 470 eorum
1183 430 1235 470 ad
1261 442 1362 482 quos
1381 431 1533 483 episto·

167 488 226 528 lia
248 487 346 529 data
370 490 465 529 sunt
487 489 629 529 relicta
653 491 724 530 est.
759 488 900 530 Scatet
916 489 1029 530 vitiis
1047 502 1176 542 neque
1195 490 1342 543 dignus
1360 493 1434 541 est,
1459 492 1528 543 qui

167 547 420 589 adhibeatur.
457 548 548 588 Mea
571 550 705 601 gratia
729 548 989 600 inspexerunt
1011 551 1055 589 et
1078 553 1360 602 excerpserunt
1377 552 1533 592 amicus

166 607 310 651 doctus
333 607 437 661 Aug.
461 608 654 648 Mancinii
679 610 723 648 et
745 609 937 651 Alfi-edus
961 609 1169 650 Nawrath.

226 702 358 744 Maior
381 705 443 743 est
466 716 653 744 numerus
677 703 859 745 codicum
878 704 1037 758 eclogas
1055 705 1333 757 praebentium
1353 719 1375 747 e
1393 706 1527 747 studio

166 763 367 814 profectas
386 763 559 816 eligendi
577 763 772 815 epistulas
793 777 912 815 quam
932 765 1106 805 maxime
1120 765 1176 805 ad
1195 766 1358 818 interp
1366 780 1413 806 re
1422 768 1528 807 tan-

166 822 275 863 dum
294 822 505 864 idoneas.
531 822 654 864 Cuius
673 826 831 876 generis
849 824 1044 875 codicum,
1062 825 1169 877 quod
1190 838 1280 866 cum
1300 827 1526 867 scholarum

166 884 257 923 usui
287 883 532 924 destinatum
562 886 668 924 esset
697 884 1042 925 scholasticum
1077 885 1184 936 dico,
1213 885 1423 938 proprium
1454 893 1528 937 est,

166 942 273 993 quod
297 944 431 983 textus
456 943 718 994 epistularum
742 945 1112 997 interpretamentis
1137 945 1164 986 i.
1183 959 1214 986 e.
1235 946 1380 998 glossis
1404 948 1528 986 inter·

165 1001 385 1044 linearibus
412 1003 478 1042 vel
501 1003 609 1043 notis
633 1005 907 1056 grammaticis
931 1004 1148 1045 maximam
1174 1008 1330 1057 partam
1355 1007 1526 1046 triviali-

165 1061 240 1102 bus
263 1063 305 1102 in
333 1064 512 1115 margine
537 1063 679 1114 positis
703 1063 926 1105 instructus
951 1067 1025 1105 est.
1060 1064 1198 1116 Atque
1227 1066 1390 1106 initium
1422 1066 1526 1106 facio

166 1121 216 1162 ab
245 1122 385 1175 ecloga
415 1122 679 1174 epistularum
710 1124 982 1175 compluribus
1012 1124 1216 1166 codicibus
1245 1125 1409 1167 tradita.
1449 1125 1526 1173 Qui

164 1183 282 1222 sunt:

229 1254 327 1294 199.
340 1253 610 1295 Vaticanus
622 1268 681 1308 gr.
696 1256 782 1295 678
800 1255 923 1296 chart.
938 1256 1092 1296 formae
1106 1258 1182 1297 oct.
1195 1269 1249 1297 sc.
1261 1257 1349 1309 XV,
1361 1259 1435 1309 qui
1446 1259 1514 1298 fol.
1529 1262 1603 1298 ⁶8⁶

168 1314 403 1354 104-149
436 1314 616 1366 eclogam
646 1315 807 1356 exhibet
835 1309 1091 1367 inscriptam:
1120 1315 1320 1358 ἐπιστολαὶ
1345 1317 1527 1371 λιβανίου

165 1378 374 1423 σοφιστοῦ.
410 1373 483 1425 Ep.
510 1369 622 1414 ιιι-κ’
646 1377 742 1415 sunt
765 1378 1012 1428 numeratae,
1042 1375 1110 1416 sed
1135 1377 1364 1418 nominibus
1389 1390 1528 1418 eorum

165 1431 217 1472 ad
252 1445 354 1484 quos
391 1433 512 1474 datae
546 1437 641 1474 sunt
669 1436 820 1487 privae.
862 1434 1010 1476 Omnes
1038 1449 1134 1477 vero
1166 1437 1342 1488 exceptis
1372 1437 1527 1477 ultimis

165 1492 310 1544 glossis
339 1493 665 1534 inter-linearibus
695 1496 737 1535 et
767 1495 873 1535 notis
903 1497 1178 1548 grammaticis
1207 1497 1440 1538 trivialibus
1462 1498 1526 1537 in-

164 1554 342 1593 structae
360 1556 465 1594 sunt.
498 1553 601 1594 Sunt
622 1555 736 1594 1205
756 1551 972 1608 (incipiens
990 1554 1061 1597 τὸν
1078 1553 1255 1608 ἀδελφὸν
1274 1553 1524 1611 δημήτριον).

165 1613 265 1653 235.
292 1613 391 1654 280.
419 1614 518 1654 313.
545 1615 644 1655 414.
671 1615 770 1656 645.
792 1616 891 1656 570.
914 1617 1042 1656 11179.
1070 1618 1168 1656 707.
1188 1617 1288 1657 266.
1308 1619 1406 1658 975.
1427 1619 1526 1658 247.

169 1673 268 1713 700.
294 1675 362 1713 11.
390 1674 518 1713 1138.
539 1674 638 1714 323.
665 1675 764 1714 538.
790 1676 889 1715 547.
917 1676 984 1715 56.
1013 1676 1111 1716 920.
1139 1675 1237 1716 Inde
1262 1689 1288 1717 a
1310 1674 1380 1716 ἰα’
1403 1677 1528 1729 paulo

164 1731 366 1784 longiores
398 1735 596 1784 apparent
619 1746 680 1785 ep.
703 1735 831 1776 1041.
859 1736 957 1775 167.
984 1736 1111 1777 1089.
1139 1736 1238 1777 525.
1264 1738 1363 1777 511.
1391 1739 1460 1777 54.
1488 1740 1526 1779 1.

165 1792 265 1832 466.
287 1792 385 1832 693.
408 1794 506 1833 711.
527 1793 624 1834 189.
649 1795 748 1835 670.
769 1796 837 1835 84.
859 1796 958 1835 379.
978 1796 1076 1835 327.
1100 1796 1166 1836 72.
1189 1797 1317 1837 1330.
1336 1798 1435 1837 410.
1457 1799 1526 1838 51.

164 1851 263 1892 331.
290 1852 388 1892 333.
415 1853 513 1894 352.
540 1854 638 1894 499.
675 1853 875 1906 Excerpsi.

225 1924 324 1965 200.
349 1923 647 1965 Havniensis
671 1924 1004 1966 bibliothecae
1029 1927 1194 1979 regiae
1220 1927 1333 1967 1985
1353 1922 1420 1978 (-
1439 1923 1524 1982 Ha)

163 1994 212 2023 sc.
237 1982 312 2023 XV
337 1983 405 2023 fol.
427 1980 726 2036 93'—112²¹)·
744 1987 924 2026 continet
954 1985 1038 2026 fere
1062 1986 1227 2027 eandem
1254 1987 1434 2039 eclogam
1459 2002 1524 2027 ru-

165 2041 361 2083 bricatam
386 2041 584 2085 ἐπιστολαὶ
608 2044 807 2097 λιβανίου.
844 2043 953 2086 ordo
976 2048 1134 2086 tantum
1161 2047 1369 2099 paulisper
1392 2051 1525 2087 muta·

164 2104 230 2142 tus
254 2104 333 2143 est:
365 2115 425 2154 ep.
447 2105 515 2144 51.
543 2105 641 2144 331.
668 2106 766 2146 333.
794 2106 894 2145 352.
919 2107 1005 2146 499
1032 2118 1112 2146 non
1137 2107 1179 2146 in
1203 2106 1294 2157 fine,
1325 2107 1395 2147 sed
1418 2107 1527 2148 inter

166 2162 254 2202 538
288 2164 330 2202 et
365 2164 449 2203 547
486 2167 729 2215 comparent.
772 2164 818 2204 In
853 2178 914 2217 ep.
943 2166 1058 2206 1089
1094 2161 1209 2219 (ποθ’)
1234 2166 1424 2207 librarius
1447 2173 1527 2220 γῆν

163 2220 301 2261 omisit
330 2221 373 2262 et
402 2223 522 2272 ζῶτος
551 2237 626 2275 pro
657 2225 802 2273 ζῶντος
832 2226 994 2277 scripsit
1017 2224 1095 2278 (XI
1115 2227 1215 2276 203,
1242 2222 1332 2280 11),
1354 2239 1415 2279 ep.
1437 2229 1521 2267 327

226 2326 262 2369 1.)
286 2323 397 2362 Char.
422 2325 571 2373 epistol.
589 2338 626 2374 p.
646 2330 669 2363 4
687 2339 724 2364 n.
744 2331 778 2364 3.
804 2327 996 2374 Eridu-en,
1023 2327 1162 2374 Udsigt
1185 2339 1274 2365 over
1297 2328 1369 2365 den
1395 2332 1525 2375 gamte

164 2370 588 2421 Manuscript-Samling
610 2374 624 2411 i
650 2376 716 2412 det
739 2377 837 2413 storo
861 2374 1071 2431 Kongelige
1097 2375 1333 2422 Biblifflaok,
1358 2377 1523 2414 Rioben-

162 2418 263 2455 havn
290 2423 401 2465 1786,
425 2424 483 2458 56.
518 2421 662 2467 Graux,
694 2422 849 2461 Νοτίου
879 2434 1101 2461 sommare·
1131 2424 1199 2462 dea
1229 2436 1317 2461 mas.
1343 2436 1451 2473 grece
1476 2425 1525 2462 de

163 2465 416 2515 copenhague
441 2472 497 2507 71.
