1872 2924
183 216 370 256 unum
396 218 477 263 Qm
503 218 769 255 FERUNTUR.
793 218 1143 256 cu·ARAO'1·ER1‹:S
1169 218 1433 256 EPISTOLICI
1463 218 1522 262 43

163 304 438 360 καὶσφόδρα
462 305 651 347 συνετὸν
677 303 842 349 ἐπαινῶ
867 306 940 349 καὶ
966 313 1088 362 τιμῶ.
1125 304 1281 360 πρέπει
1308 305 1392 361 γὰρ
1417 307 1524 356 τοὺς

161 370 318 420 θείους
342 370 509 426 ἄνδρας
533 371 592 426 μὴ
617 371 759 426 μόνον
783 370 998 426 ἐπαινεῖν,
1026 371 1138 414 ἀλλὰ
1161 369 1235 414 καὶ
1260 376 1403 425 τιμᾶν.

224 435 293 479 78.
318 437 696 492 Διδασκαλική.
741 437 820 492 Μὴ
853 438 1002 493 νόμιζε
1032 444 1123 480 τῶν
1154 436 1421 492 συμβάντων
1451 447 1524 480 σοι

163 502 326 545 δεινῶν
357 505 504 545 αι”τιον
533 501 584 544 τὸ
616 506 748 545 θεῖον
778 507 1059 559 γεγενῆσθαι.
1099 508 1326 558 πανταχοῦ
1357 502 1525 558 γὰρτὸ

162 571 295 611 θετον
335 566 579 622 ἐλεύθερον
611 575 760 611 κακῶν
794 567 994 624 ὑπάρχει.
1044 569 1094 611 τὸ
1127 569 1211 624 γὰρ
1246 575 1340 619 τοῖς
1374 568 1526 619 ἄλλοις
1564 585 1580 611 ⁶

162 633 350 689 φεύγειν
379 633 433 676 τὰ
464 634 575 676 κακὰ
607 636 1024 690 παρακελευόμενον
1054 634 1138 677 οὐκ
1166 632 1223 676 ἂν
1248 633 1394 677 αἴτιόν
1418 631 1530 676 ποτέ

163 714 254 742 τινι
279 699 432 750 κακίας
457 698 646 754 γένοιτο.

225 763 293 808 Ί9.
308 762 618 820 Ἐλεγκτική.
651 765 718 808 Οὐ
739 764 932 820 λέληθας
951 766 1052 809 τόδε
1072 766 1121 808 τὸ
1140 771 1320 821 πρᾶγμα
1339 765 1527 819 διαπρα-

163 829 359 885 ξάμενος.
396 832 592 881 πολλοὺς
615 831 701 886 γὰρ
726 829 841 887 ἔχεις
867 830 1074 887 ἐλέγχους
1098 831 1183 875 κᾶν
1202 831 1330 887 ἀρνῇ,
1354 830 1428 874 καὶ
1445 829 1527 886 μά-

164 898 290 938 λιστα
314 898 420 947 τοὺς
445 897 712 950 συνίστοράς
738 908 810 940 σοι
837 899 1075 952 γεγονότας
1101 895 1173 940 καὶ
1199 903 1277 952 τῆς
1298 896 1434 953 αὐτῆς
1453 907 1527 940 σοι
1547 914 1582 941 ιο

162 962 537 1017 κεκοινωνηκότας
555 962 764 1019 πράξεως.
795 962 909 1006 ὅθεν
927 961 1039 1018 μηδὲ
1058 963 1140 1019 τὴν
1153 963 1370 1018 τιμωρίαν
1383 964 1528 1015 ἔλπιζε

163 1026 498 1081 διαφεύξεσθαι.

224 1091 293 1135 80.
318 1095 659 1150 Διαβλητική.
697 1097 890 1138 Πολλῶν
915 1110 991 1150 μοι
1013 1102 1163 1138 κακῶν
1183 1098 1324 1145 αἴτιος
1342 1092 1530 1149 γέγονεν

164 1157 189 1201 ὁ
216 1158 342 1201 δεῖνα
376 1162 549 1215 φαῦλος
583 1160 699 1215 ἄγαν
733 1158 798 1203 ὢν
828 1160 910 1203 τὸν
940 1163 1119 1216 τρόπον.
1157 1160 1329 1211 ὑποδὺς
1359 1158 1444 1215 γάρ
1475 1174 1529 1213 με

164 1224 366 1280 καθάπερ
394 1226 523 1281 φίλος
547 1223 621 1268 καὶ
646 1226 788 1269 πολλὰ
814 1226 925 1269 καλὰ
951 1225 1025 1269 ὑπ’
1059 1226 1167 1280 ε’μοῦ
1192 1225 1431 1275 πεπονθὼς
1454 1223 1530 1267 καὶ
1550 1243 1584 1269 ιο

163 1290 222 1345 μὴ
254 1289 472 1346 δυνηθεὶς
502 1299 596 1342 τοῖς
628 1295 742 1342 ἴσοις
770 1291 1047 1346 ἀμείψασθαι
1074 1292 1149 1334 διὰ
1174 1292 1223 1334 τὸ
1247 1293 1397 1334 καλῶν
1421 1289 1529 1333 ἀπο-

165 1362 265 1410 ρεῖν
281 1356 504 1411 μεγίστοις
523 1355 756 1412 περιέβαλε
774 1364 936 1407 κακοῖς.
970 1357 1198 1413 φυλάττου
1219 1362 1333 1412 γοῦν
1351 1362 1530 1410 τοῦτον,

165 1422 224 1476 μὴ
252 1419 325 1464 καὶ
352 1422 408 1464 σὺ
433 1429 522 1464 τῶν
549 1421 718 1477 ὁμοίων
742 1421 817 1466 ὑπ’
849 1423 988 1466 αὐτοῦ
1014 1427 1235 1479 πειραθῇς
1260 1423 1433 1465 δεινῶν.

228 1486 297 1530 81.
317 1484 693 1543 Ἐπιτιμητική.
733 1488 982 1543 Αῑδέσθητι
1016 1489 1174 1532 λοιπὸν
1200 1484 1268 1544 ἐφ’
1300 1480 1368 1538 οἷς
1392 1486 1531 1543 ἁμαρ·

166 1552 315 1603 τάνεις
339 1551 413 1596 καὶ
439 1559 606 1596 παῦσαι
631 1560 712 1597 τοῦ
730 1556 1002 1610 πλημμελεῖν
1021 1554 1094 1597 καὶ
1112 1554 1171 1608 μὴ
1189 1553 1375 1608 μελέτην
1393 1552 1531 1608 ἁμαρ·
1551 1572 1586 1598 το

167 1618 373 1672 τημάτων
395 1619 476 1661 τὸν
500 1619 584 1662 σὸν
609 1621 712 1674 βίον
736 1626 883 1662 ποιοῦ.
924 1625 1007 1662 σοῦ
1034 1621 1117 1675 γὰρ
1142 1619 1293 1662 ἕνεκεν
1318 1618 1441 1674 ἡμεῖς
1465 1619 1532 1661 αἰ-

167 1684 438 1738 σχυνόμεθα.

230 1759 247 1789 1
269 1767 311 1800 γε
330 1758 418 1800 post
435 1754 585 1799 σφόδρα
604 1757 641 1791 Β
661 1767 706 1800 pr
720 1755 801 1790 Mor
898 1759 918 1790 2
938 1756 1086 1802 θείους]
1105 1755 1299 1796 τοιούτους
1314 1754 1434 1790 ΔΡΗ
1446 1753 1533 1789 Wos

168 1800 246 1836 Her
305 1801 371 1849 μὴ]
391 1802 436 1838 οὐ
462 1803 672 1840 ΠΡαΑΒΒ
685 1815 730 1849 pr
744 1802 822 1839 Har
837 1803 917 1838 Mor
987 1803 1052 1838 καὶ
1077 1802 1126 1843 ὡς
1151 1802 1284 1844 θείους
1308 1800 1533 1849 σεβάζεσθαι

168 1850 256 1895 post
278 1855 390 1895 τιμᾶν
415 1850 452 1885 Β
471 1863 516 1897 pr
535 1850 617 1886 Mor
713 1854 735 1885 4
761 1857 953 1897 πανταχοῦ
970 1871 1012 1877 -
1028 1855 1048 1885 5
1069 1850 1227 1896 ὑπάρχει
1246 1849 1391 1886 cancell
1408 1848 1485 1885 ffin

168 1909 294 1933 παντα
318 1902 342 1943 ἢ
369 1898 451 1934 ΡΗ
464 1898 554 1934 Wes
575 1897 650 1933 Her
728 1903 749 1934 δ
770 1904 896 1934 κακῶν
917 1898 1120 1943 ἐλεύθερον
1139 1899 1175 1934 Δ.
1224 1896 1386 1945 ὑπάρχει
1404 1902 1533 1932 κακῶν

169 1945 254 1981 ΡΗ
311 1956 350 1981 eu
365 1944 441 1980 Her
521 1949 541 1981 6
561 1944 932 1991 παρακελευσάμενον
959 1947 991 1983 U
1039 1945 1088 1982 ἄν
1106 1958 1197 1982 ποτε
1216 1943 1339 1981 αἴτιόν
1353 1945 1433 1981 PH
1445 1943 1533 1979 Wes

169 1991 247 2027 Her
293 1992 368 2028 τινὶ
393 1991 483 2029 ποτὲ
508 1993 549 2029 D
567 1993 645 2028 Har
731 1998 750 2029 ‘1
776 2007 853 2030 τινι
877 2005 939 2029 om
966 1994 1001 2030 V
1062 1992 1199 2035 κακίας
1224 2004 1285 2029 om
1306 1992 1424 2029 APH
1469 1992 1535 2027 καὶ

170 2039 269 2085 μάλα
295 2038 447 2083 εἰκότως
470 2043 558 2087 post
583 2040 727 2088 γένοιτο
748 2042 845 2078 ΡαΒ
858 2054 904 2087 pr
1001 2044 1022 2076 8
1048 2040 1221 2087 ἐπιστολὴ
1240 2039 1429 2086 ἐλεγκτική
1455 2040 1492 2076 U

171 2086 304 2132 λέληθε
336 2088 373 2125 U
417 2092 438 2123 9
459 2089 620 2133 ἀρνῆται
650 2089 684 2126 U
730 2091 868 2134 μᾶλλον
888 2088 967 2124 Har
1020 2092 1064 2124 10
1079 2100 1137 2124 σοι
1156 2100 1218 2124 om
1237 2089 1277 2124 D
1291 2088 1369 2123 Har
1419 2092 1462 2123 11
1483 2086 1533 2132 μὴ

170 2134 212 2170 δὲ
242 2135 389 2172 VUAD
438 2137 527 2173 οὐδὲ
546 2137 644 2173 ΡαΒ
664 2148 710 2182 pr
727 2137 809 2172 Mor
858 2136 977 2179 ἔλπιζε
995 2147 1057 2172 om
1078 2137 1173 2173 PaB
1191 2148 1238 2182 pr
1253 2135 1332 2172 Mor
1388 2139 1432 2171 12
1452 2136 1535 2170 δια-

172 2182 389 2228 φεύξασθαι
421 2184 528 2221 VUA
554 2184 739 2230 διαφεύξη
765 2185 862 2222 ΡαΒ
881 2196 926 2230 pr
944 2184 1026 2220 Mor
1124 2188 1167 2219 13
1187 2182 1359 2229 ἐπιστολὴ
1381 2183 1534 2230 διαβλη-

171 2229 257 2275 τική
282 2231 319 2267 U
413 2235 457 2267 14
482 2232 548 2267 καὶ
566 2235 653 2278 post
670 2233 778 2268 δεῖνα
811 2232 928 2268 Vffin
1028 2235 1072 2267 15
1097 2231 1335 2314 uod-&huoexdc
1368 2231 1405 2268 U
1447 2231 1534 2267 ὑπε-

173 2282 245 2323 μοῦ
271 2280 308 2314 Δ
407 2282 451 2314 16
482 2277 600 2316 καλὸν
624 2279 660 2315 U
756 2283 798 2315 1⁷
819 2279 1033 2326 περιέβαλλε
1048 2280 1126 2315 BD
1139 2291 1183 2325 pr
1232 2290 1273 2314 ιι·
1322 2278 1483 2322 φύλαττε
1499 2278 1535 2314 Β

174 2336 219 2370 pr
231 2325 314 2361 Mor
338 2326 537 2371 φυλάττων
562 2326 694 2363 DHar
754 2325 788 2373 γ’
814 2324 883 2363 οὖν
909 2327 946 2364 U
1005 2332 1140 2364 τοῦτον
1165 2338 1226 2363 om
1248 2326 1345 2362 PaB
1359 2326 1441 2361 Mor

176 2375 219 2407 18
245 2371 310 2408 ὑπ’
334 2375 452 2410 αὐτοῦ
477 2385 538 2410 om
564 2374 694 2411 UPaB
720 2375 890 2411 ὑπαυτοῦ
911 2376 947 2411 Α
996 2376 1133 2410 δεινῶν
1152 2380 1279 2411 κακῶν
1298 2374 1334 2410 U
1348 2378 1476 2410 κακῶν
1495 2373 1536 2408 D

173 2431 219 2465 pr
230 2419 308 2456 Har
382 2424 425 2456 19
446 2422 593 2458 ἐπιστολ
636 2421 870 2469 ἐπιτιμητική
897 2422 931 2459 U
989 2421 1220 2469 ἁμαρτάνοις
1246 2422 1304 2457 Pa
1400 2423 1447 2456 20
1473 2433 1537 2466 με·

173 2466 257 2513 λέτη
292 2469 326 2504 V
418 2473 462 2505 21
488 2467 555 2506 τὸν
580 2481 601 2505 o·
626 2470 662 2506 νΊ
686 2475 761 2507 τῶν
787 2476 861 2506 σῶν
887 2471 945 2506 Pa
