1872 2924
342 215 431 258 214
646 216 1013 254 PROLEGOMENA
1041 220 1107 255 AD
1135 220 1394 258 EPISTULAS

269 312 338 344 635
402 305 496 343 328.
525 305 822 345 Bodleianus
842 305 1012 346 Grabii
1029 307 1282 348 Adversar.
1305 308 1373 360 15,
1398 311 1541 361 quibus
1564 324 1697 353 succe-

339 364 442 403 dunt
466 363 612 403 Basilii
637 365 721 403 306
749 366 957 415 epistulae.
993 367 1166 418 Inspexi.

399 423 588 462 Eiusdem
619 436 713 463 vero
744 425 899 476 generis
931 427 1053 476 atque
1084 427 1326 467 Bodleianus
1357 429 1467 470 Misc.
1501 431 1583 470 242
1617 431 1697 471 fuit

339 482 461 521 etiam
487 482 620 532 codex,
646 496 666 521 e
693 496 771 533 quo
796 484 912 523 fluxit

399 542 497 580 329.
524 541 676 582 editio
703 542 882 582 Aldina
907 538 976 596 (cf.
995 545 1102 584 infra
1126 545 1198 584 sub
1223 559 1261 584 n.
1282 541 1400 599 416).

397 600 588 639 Aldinam
611 601 676 640 vel
701 601 878 641 codicem
904 616 994 642 cum
1016 604 1092 643 hac
1110 607 1324 656 cognatum
1343 619 1416 656 pro
1435 607 1695 648 fundamento

339 659 480 699 habuit
506 660 626 700 codex
1290 663 1292 665 ’

268 726 337 759 636
400 720 497 760 330.
519 719 1099 770 Constantinopolitanus
1120 722 1158 762 S.
1180 722 1403 774 Sepulcri
1423 721 1552 779 542¹)
1579 721 1695 780 (olim

342 773 446 832 152)
473 779 596 818 chart.
616 779 768 819 formae
793 781 868 819 oct.
890 792 940 819 sc.
961 781 1086 820 XVII.
1122 782 1361 822 Rubricatae
1387 786 1480 823 sunt
1497 787 1544 823 ut
1561 786 1605 824 in
1624 786 1694 825 Al-

338 838 433 876 dina
451 840 616 888 mutuae
635 838 704 878 fol.
725 839 777 877 41
801 837 1046 879 ἐπιστολαὶ
1070 838 1323 893 ἀμοιβαῖαι
1348 843 1593 893 βασιλείου
1612 851 1694 885 τοῦ

338 897 545 950 μεγάλου
576 896 655 936 καὶ
687 898 910 950 λιβανίου
936 905 1017 938 τοῦ
1043 906 1286 950 σοφιστοῦ.
1323 902 1574 942 Antecedunt
1599 917 1693 944 vero

338 957 460 995 verba
473 955 656 1007 ἐπιστολή
669 955 1085 1011 ἐστιν-ἐκπληροῦσα,
1104 960 1246 1010 quibus
1261 960 1530 1001 definitionem
1544 964 1695 1013 epistu-

337 1015 401 1055 lae
415 1016 486 1055 dat
499 1012 622 1068 [Lib]
638 1016 744 1055 char.
758 1017 872 1067 epist.
887 1031 926 1068 p.
936 1019 1004 1066 27,
1014 1020 1146 1059 8-10
1156 1014 1209 1072 ²),
1222 1020 1416 1070 epistulae
1432 1023 1453 1060 1
1477 1021 1694 1072 inscriptae

338 1074 535 1126 βασίλειος
552 1075 716 1127 λιβανίω
737 1075 948 1128 συστατικὴ
962 1080 1002 1116 et
1018 1080 1041 1116 2
1057 1077 1234 1128 λιβάνιος
1249 1078 1431 1135 βασιλείῳ
1444 1078 1694 1120 ἀντεπισταλ-

338 1133 437 1186 τική.
476 1134 524 1173 In
548 1135 797 1185 reliquarum
821 1137 1150 1187 inscriptionibus
1176 1138 1286 1177 deest
1309 1138 1502 1179 indicatio
1527 1140 1695 1191 generis.

337 1194 546 1244 Epistulae
573 1195 627 1233 22
654 1194 831 1234 succedit
855 1197 902 1234 ut
930 1196 973 1234 in
997 1195 1147 1236 Aldina
1171 1197 1291 1236 Basil.
1319 1211 1379 1249 ep.
1402 1200 1484 1238 112
1512 1199 1694 1250 aliaeque

339 1253 482 1292 Basilii
514 1253 710 1304 epistulae
742 1266 868 1304 usque
900 1255 951 1294 ad
983 1256 1069 1294 334
1095 1258 1136 1294 et
1164 1258 1215 1295 19
1245 1252 1331 1308 (fol.
1360 1253 1467 1309 58'),
1498 1258 1695 1308 epistulae

338 1314 604 1352 recentiorum
628 1313 716 1364 gfol.
738 1310 966 1366 59—74*),
990 1315 1214 1355 Phalaridis
1239 1312 1326 1369 (fol.
1350 1313 1586 1371 75—113)‚
1616 1317 1694 1369 Py-

339 1371 532 1423 thagorae
565 1367 652 1426 (fol.
676 1370 814 1426 113')‚
844 1379 1135 1426 χαρακτῆρες
1159 1373 1420 1415 ἐπιστολῶν
1445 1375 1694 1430 διάφοροι·

339 1430 646 1483 προσωπικὸν
671 1430 954 1485 ἐπιχείρημα
978 1428 1022 1471 α’
1040 1434 1371 1487 παραινετική·
1406 1440 1496 1474 τῶν
1514 1449 1695 1475 παντα-

338 1487 444 1541 χόσε
475 1511 532 1517 —
565 1488 610 1541 μ’
642 1491 781 1542 μικτή
818 1489 902 1543 (fol.
936 1488 1215 1546 114—125)·
1250 1496 1309 1549 τῷ
1340 1497 1694 1547 μεγαλοπρεπε-

339 1548 487 1605 στάτῳ
506 1548 585 1589 καὶ
603 1550 1021 1607 πανευγενεστάτῳ
1041 1550 1244 1592 αὖθὲντι
1263 1551 1307 1601 ἐξ
1334 1551 1450 1604 ἐμοῦ
1475 1557 1534 1610 τῷ
1556 1556 1694 1607 λογο-

338 1603 514 1664 θέτῃῧ).
546 1609 721 1660 Inspexi.

398 1667 501 1707 Item
532 1668 583 1707 ad
608 1668 798 1708 Aldinam
825 1669 931 1708 redit
955 1670 1075 1709 codex
1100 1670 1431 1710 bibliothecae
1455 1672 1693 1712 universi-

339 1728 466 1766 tatis

267 1795 336 1826 637
402 1787 499 1826 331.
532 1786 845 1827 Atheniensis
874 1788 908 1827 Θ
938 1786 1051 1836 θέσις
1076 1789 1142 1828 ΙΘ
1175 1789 1321 1828 donum
1349 1789 1467 1829 Pauli
1499 1789 1693 1840 Lampros

340 1845 463 1884 chart.
494 1846 646 1886 formae
678 1848 806 1897 quart.
838 1859 890 1887 sc.
910 1847 1047 1886 XVIII
1078 1848 1255 1897 miscell„
1286 1848 1358 1899 qui
1386 1850 1477 1899 post
1502 1848 1694 1899 epistulas

338 1901 598 1944 Phalarideas
636 1900 724 1958 (fol.
756 1901 1011 1960 303—364)
1049 1909 1091 1946 et
1127 1908 1272 1947 Basilii
1309 1906 1569 1959 Gregoriique
1603 1903 1693 1961 (fol.

341 1959 595 2017 365—411)
627 1965 825 2016 syllogam
855 1967 1087 2005 mutuarum
1118 1967 1303 2006 editionis
1334 1966 1504 2006 Aldinae
1536 1967 1695 2007 exhibet

338 2023 405 2062 fol.
432 2025 690 2063 412—430*
726 2036 817 2062 cnm
853 2026 1033 2064 versione
1071 2038 1291 2077 neograeca
1327 2027 1368 2065 et
1403 2025 1693 2077 subscriptione

338 2080 471 2129 τέλος
501 2087 592 2121 τῶν
622 2081 884 2123 ἐπιστολῶν
914 2084 1160 2136 βασιλείου
1185 2089 1268 2125 τοῦ
1292 2085 1496 2138 μεγάλου
1520 2082 1598 2124 καὶ
1623 2087 1692 2125 λι-

338 2140 397 2192 βα
408 2141 456 2180 νί
463 2156 529 2181 ου.
562 2140 746 2181 Succedit
770 2155 894 2193 aeque
920 2145 1039 2193 atque
1070 2145 1114 2183 in
1137 2144 1210 2182 illa
1236 2144 1377 2183 Basilii
1401 2157 1461 2194 ep.
1484 2146 1581 2183 112.
1619 2143 1692 2183 Co-

339 2199 432 2249 dex,
469 2213 587 2250 quem
617 2213 652 2240 a.
679 2202 791 2240 1869
824 2203 867 2240 in
898 2202 1139 2242 bibliotheca
1168 2204 1340 2254 inspexi,
1379 2203 1539 2242 videtur
1574 2202 1693 2243 amis·

401 2303 436 2344 1)
460 2301 570 2337 Hunc
601 2301 766 2338 codicem
799 2302 893 2339 olim
923 2304 1021 2340 vidit
1044 2306 1082 2340 et
1107 2304 1410 2341 commemoravit
1433 2305 1692 2341 Bethmannus

339 2348 380 2383 in
406 2348 544 2384 Pertzii
572 2349 729 2385 Archivo
757 2350 809 2386 IX
828 2354 909 2386 654.

399 2397 436 2441 2)
462 2395 515 2432 Cf.
535 2396 701 2433 codicem
726 2396 920 2434 Constant.
947 2398 982 2434 S.
1003 2398 1173 2445 Sepulcri
1199 2402 1267 2435 54⁷
1293 2402 1421 2445 (supra
1445 2399 1515 2435 sub
1539 2411 1576 2435 n.
1596 2401 1691 2444 320).

400 2445 436 2488 3)
461 2442 663 2480 Weichert.
689 2443 713 2480 1.
732 2443 758 2480 1.
779 2457 815 2490 p.
835 2445 944 2481 LXII.
1303 2470 1307 2474 ·
