1872 2924
325 233 346 275 ὅ
365 232 399 266 8.
436 227 501 265 ΒΕ
525 226 728 264 ΕΟΒΟΘΙΒ
752 218 900 263 ΕΡΙΒΤ.
927 224 992 262 Ex
1017 237 1043 262 a
1066 222 1330 261 Pssomc‘ms
1425 222 1507 267 167

141 320 274 362 redire
290 319 331 359 in
352 317 570 371 propatulo
583 318 654 357 est.
679 315 815 355 Verba
827 328 887 366 ep.
903 315 989 354 655
1010 311 1267 367 ἢ-ἀγόντων
1280 309 1337 367 (Χ
1352 312 1510 365 598,2)

143 394 236 421 cnm
258 379 344 429 Ho,
368 377 491 418 verba
515 389 576 428 ep.
597 377 682 416 859
710 373 777 415 καὶ
799 372 986 426 τὸ-τιμὴ
1012 371 1090 427 (ΧΙ
1112 375 1180 425 16,
1203 373 1256 413 19
1277 367 1356 426 sq.)
1383 374 1425 412 et
1445 385 1507 423 ep.

144 441 233 481 865
258 441 384 487 ποιεῖς
408 433 486 491 (ΧΙ
506 438 575 484 22,
597 431 674 490 10)
698 435 807 476 solus
832 434 1020 474 servavit.

203 499 426 550 Postquam
450 509 523 549 per
547 495 786 543 Gedeonem,
817 494 888 545 qui
918 493 1039 533 initia
1063 492 1328 543 epistularum
1352 503 1508 531 mecum

142 557 472 606 communicavit,
495 557 670 609 primum
690 554 878 595 notitiam
896 553 1044 594 codicis
1062 555 1205 593 nactus
1224 564 1327 601 snm,
1347 552 1433 591 Alf
1436 564 1510 591 re-

143 620 230 659 dus
256 617 486 658 Giesecke
510 618 656 667 ectypa
679 614 998 667 photograpbica
1024 612 1214 653 foliorum
1232 625 1305 662 per
1323 611 1373 650 H.
1392 611 1510 651 Jant·

144 678 299 719 schium
324 675 509 717 facienda
533 687 672 716 curare
697 674 796 714 mihi
821 673 1016 725 permisit,
1042 673 1111 713 sed
1136 672 1186 712 de
1207 683 1373 711 numero
1394 671 1509 711 folio·

146 752 234 778 rum
260 750 286 778 a
304 736 486 777 Gedeone
510 738 553 775 et
572 734 799 774 Alexandro
819 733 1008 773 Laui-iota
1027 745 1172 784 parum
1193 733 1378 771 accurate
1397 731 1511 771 edoc-

145 801 212 838 tus
238 797 347 837 illius
372 808 536 847 operam
561 794 603 834 in
628 794 686 834 fol
720 794 826 833 323⁷
851 793 1030 833 desinere
1055 792 1179 842 volui,
1209 791 1269 831 ita
1294 793 1342 830 ut
1368 792 1393 830 5
1420 790 1511 830 foli-

145 870 261 898 orum
279 859 425 908 ectypa
443 854 576 895 desint
588 856 630 894 et
641 855 749 894 locos
762 854 905 893 horum
921 853 1107 892 foliorum
1120 851 1511 902 transponendornm

145 917 389 958 coniecturis
411 918 571 955 tantum
598 915 759 965 assequi
782 914 994 964 potuerim.

207 975 462 1017 Condicionis
487 974 681 1027 pristinae
706 973 854 1013 codicis
878 975 961 1012 tres
986 973 1109 1012 testes
1133 971 1267 1011 idonci
1288 972 1428 1010 extant
1446 982 1510 1009 co-

145 1037 255 1077 dices
283 1036 410 1075 Vatic.
432 1048 490 1087 gr.
511 1035 568 1074 64
594 1036 636 1074 et
661 1034 774 1073 1323
801 1035 843 1073 et
867 1031 1092 1072 Chalcenus
1114 1029 1311 1071 Θεοτόκου
1334 1031 1418 1070 157
1445 1030 1510 1068 vel

147 1110 197 1137 ox
221 1109 269 1136 co
292 1095 382 1147 ipso
406 1094 471 1134 vel
496 1107 544 1133 ex
568 1094 654 1133 eius
678 1093 790 1133 fonte
814 1092 999 1132 derivati.

210 1156 308 1196 187.
344 1154 613 1194 Vaticanus
650 1166 709 1205 gr.
741 1153 798 1192 64
835 1152 1014 1203 miscell,
1049 1151 1218 1191 diversis
1254 1150 1439 1190 manibus
1475 1162 1511 1188 a.

151 1210 389 1268 1269s701)
422 1215 609 1254 exaratus
639 1213 820 1252 continet
849 1212 918 1252 fol.
941 1211 1115 1252 73-84
1142 1211 1322 1263 eclogam
1346 1223 1403 1261 πη
1429 1209 1511 1260 epi-

149 1276 349 1316 stularum
372 1286 495 1313 manu
519 1272 779 1312 rubricator-is
797 1271 1032 1323 inscriptam
1050 1270 1234 1323 λιβανίου
1253 1268 1456 1310 ἐπιστολαί
1471 1271 1513 1308 et

144 1336 247 1375 satis
279 1334 539 1387 neglegenter
571 1331 823 1384 descriptam.
872 1331 1043 1371 Praebet
1077 1331 1252 1381 primum
1282 1342 1342 1381 ep.
1364 1330 1513 1369 636-

150 1396 236 1435 734
256 1390 356 1448 (ἕατ’)
381 1406 430 1432 ex
449 1393 582 1432 Athoo
601 1392 751 1432 electas
768 1391 926 1431 omissis
951 1404 1011 1442 ep.
1034 1392 1132 1430 637.
1151 1391 1257 1440 6393
1281 1389 1424 1429 deinde
1450 1402 1511 1439 ep.

150 1454 445 1494 1233-1239
467 1447 682 1506 (ξβ-ξη’),
694 1454 781 1491 tum
791 1464 850 1503 ep.
867 1451 1102 1490 615-634
1117 1445 1344 1502 (ξθ-οθ’)
1365 1450 1513 1488 omissa

146 1527 211 1565 ep.
231 1514 331 1564 625,
354 1513 526 1564 denique
545 1525 605 1563 ep.
629 1513 755 1551 1201.
785 1512 911 1550 1202.
933 1510 1240 1551 1205-1210,
1265 1509 1379 1549 1225
1402 1503 1511 1562 (π-

146 1570 256 1627 πη’).
293 1573 368 1623 Ep.
387 1567 449 1620 οζ’
468 1575 535 1625 (==
555 1568 663 1625 633)
694 1583 790 1622 pars
819 1571 931 1622 prior
960 1582 1051 1610 cum
1079 1569 1149 1609 fol.
1170 1571 1225 1609 82
1252 1568 1401 1608 desinit
1427 1581 1511 1607 ver-

149 1633 210 1672 bis
244 1631 288 1673 ἐν
316 1631 402 1672 alm
429 1626 486 1685 (X
512 1633 613 1681 581,
635 1626 728 1684 12);
755 1631 824 1670 fol.
854 1631 929 1670 83¹
954 1631 1136 1670 continet
1163 1634 1234 1669 τοῦ
1262 1627 1512 1681 χαρτοφύλα-

148 1707 222 1740 xos-
245 1691 485 1745 βουλγαρίας
510 1690 686 1731 ἰωάννου
707 1694 779 1730 τοῦ
798 1689 1034 1741 πεδιασίμου
1055 1702 1114 1740 ep.
1134 1684 1244 1728 oc—s'
1269 1691 1311 1727 et
1330 1689 1422 1739 post
1440 1687 1513 1726 has

147 1753 312 1792 demum
336 1751 455 1790 finem
481 1763 542 1802 ep.
562 1751 648 1789 633
667 1749 760 1790 inde
780 1762 805 1789 a
822 1751 1024 1802 λαμπρῶν.
1064 1747 1196 1789 Codex
1213 1747 1286 1787 ubi
1305 1747 1355 1787 ab
1374 1747 1512 1786 Athoo

146 1812 364 1862 discrepat,
390 1810 492 1850 vitia
514 1809 693 1861 praebet,
717 1811 764 1849 ut
787 1808 1000 1858 κασσιανὸς
1023 1821 1097 1860 pro
1122 1805 1339 1860 βασσιανὸς
1364 1819 1425 1858 ep.
1444 1803 1512 1846 od‘

150 1867 218 1922 (—
239 1870 358 1921 626),
384 1865 420 1910 δ’
450 1882 524 1921 pro
549 1864 632 1920 δυ’,
657 1868 764 1925 αὐτῷ
789 1863 940 1921 μάλιστ’
963 1866 1014 1908 ἂν
1037 1881 1111 1920 pro
1137 1861 1288 1919 μάλιστ’
1317 1863 1369 1906 ἂν
1392 1864 1512 1920 αὐτῷ,

150 1929 174 1971 ὁ
200 1928 243 1970 δέ
267 1941 394 1982 φησιν
417 1942 491 1981 pro
511 1926 533 1970 ὁ
553 1923 590 1969 δ’
612 1927 777 1981 ἔφησεν,
799 1927 981 1981 ποιήμην
998 1941 1072 1979 pro
1090 1926 1296 1978 ποιοίμην,
1320 1925 1421 1978 πρὸς
1438 1938 1512 1976 pro

150 1988 236 2040 τὴν,
255 1988 307 2041 δὴ
325 1987 392 2029 καὶ
411 1990 528 2029 inser.
549 1990 643 2028 ante
662 1987 911 2040 δυνήσεσθαι
929 2001 991 2039 ep.
1005 1982 1065 2028 os'
1078 1982 1141 2040 (²-
1159 1982 1277 2040 628).
1303 1985 1367 2025 Ab
1387 1998 1511 2036 appa-

152 2052 245 2089 ratu
268 2050 396 2101 igitur
419 2049 558 2088 critico
582 2047 847 2088 removendus
872 2050 943 2088 est.
982 2046 1234 2087 Examinavi.

210 2108 302 2149 Non
334 2110 436 2157 tota,
469 2107 539 2147 sed
570 2108 788 2158 plurimam
821 2109 978 2158 partem
1012 2106 1065 2145 ad
1099 2106 1289 2154 Athoum,
1323 2104 1400 2143 etsi
1431 2116 1511 2142 non

149 2170 261 2208 recta
278 2168 358 2217 via,
376 2167 483 2207 redit
500 2167 640 2218 ecloga
652 2163 749 2207 σοθ’
768 2166 1045 2218 epistularum,
1064 2178 1187 2217 quam
1204 2164 1372 2216 praebet
1389 2163 1509 2203 codex

213 2240 310 2279 188.
334 2238 604 2278 Vaticanus
629 2251 693 2290 gr.
725 2238 839 2278 1323
867 2233 933 2291 (-
945 2232 1047 2291 Vat)
1073 2237 1200 2277 chart.
1228 2236 1380 2276 formae
1414 2236 1491 2275 oct.
1513 2238 1582 2272 ⁶82

150 2299 243 2338 mai.
269 2310 322 2339 so.
346 2297 422 2337 XV
447 2297 594 2338 litteris
618 2297 784 2337 minutis
808 2299 1007 2346 exaratus,
1034 2296 1131 2336 olim
1156 2295 1316 2336 Fulvii
1349 2294 1511 2334 Ursini

147 2360 251 2398 teste
281 2357 543 2408 inscriptione
574 2354 637 2397 ‘a
667 2357 778 2396 libris
805 2357 944 2396 Fulvii
975 2353 1141 2406 Ursini',
1172 2355 1242 2395 fol.
1264 2355 1510 2394 110—144.

214 2473 248 2514 1)
274 2470 330 2507 Cf.
350 2473 378 2507 t.
397 2470 432 2507 ΙΙ
449 2474 520 2506 44⁶
544 2482 583 2507 n.
604 2474 683 2507 1⁸4.
