1872 2924
435 215 456 256 ὃ
476 215 509 249 8.
548 210 614 247 DE
638 210 823 249 comem
857 212 908 249 Vo
932 210 1294 248 PROPAGmmus
1489 212 1546 255 79

246 302 312 341 21.
334 299 487 341 editio
506 295 776 354 princeps¹)
789 295 855 355 (—
868 295 937 355 pr)
956 300 1222 352 epistularum
1235 312 1286 340 sc.
1302 300 1408 351 XVI,
1427 314 1534 352 quae
1547 310 1620 342 477

183 371 215 401 s.
235 360 260 401 l.
286 373 320 400 e.
339 372 394 410 a.,
424 359 494 401 sed
518 362 625 401 certe
655 360 820 401 Parisiis
850 360 1002 412 prodiit
1026 361 1068 400 et
1092 359 1326 400 Guilelmi
1353 360 1545 401 Morelii

184 419 226 459 in
245 418 408 460 Graecis
431 420 677 472 typographi
696 420 812 473 Regii
830 420 961 460 fertur
978 419 1132 460 duobus
1150 419 1270 459 tomis
1290 420 1351 460 vel
1372 419 1546 473 τμήμασι

183 479 479 531 comprehensa,
497 492 545 519 ex
563 492 610 519 eo
628 480 757 530 fluxit,
773 480 816 519 id
835 478 942 531 quod
955 475 1190 532 Woffium’)
1212 492 1292 519 non
1313 480 1434 532 fugit,
1451 493 1545 520 cum

185 538 284 580 ordo
302 541 344 579 et
361 539 551 579 lectiones
570 540 833 590 epistulam
852 542 1087 592 congruant.
1124 539 1242 580 Prius
1260 540 1445 580 volumen
1464 540 1545 580 ior-

183 611 273 638 mae
322 601 491 649 quartae
538 599 776 651 inscriptum
824 600 1110 639 AIBANIOY
1151 600 1546 639 ΕΠΙΣΤΟΛΩΝ

186 659 406 698 ΤΜΗΜΑ
424 659 692 699 ΠΡΩΤΟΝ
711 661 752 699 et
771 661 964 710 quattuor
981 659 1313 710 quaternionibus
1332 656 1475 712 (A—l)
1495 656 1545 714 4)

183 718 247 758 vel
270 730 363 770 pag.
388 720 518 758 1—32
544 719 871 770 comprehensum
895 718 1040 770 incipit
1057 732 1083 758 a
1101 719 1389 758 ΛΙΒΑΝΙΟΣ
1403 720 1543 759 ΚΛΕ-

182 777 336 817 ΑΡΧΩ.
360 773 425 831 (-
448 773 494 832 1)
519 779 778 830 continetque
804 780 861 819 54
892 778 1086 829 epistulas
1113 774 1177 832 (=-
1201 781 1344 819 1—14.
1368 780 1543 820 19-28.

183 833 379 890 30—60)‚
410 837 584 877 alterum
614 839 790 879 eiusdem
821 839 971 878 formae
995 838 1233 890 inscriptum
1257 840 1549 878 AIBANIOY

182 897 569 937 ΕΠΙΣΤΟΛΩΝ
605 899 825 938 ΤΜΗΜΑ
854 899 1193 939 AEYTEPON
1219 900 1317 938 item
1350 900 1546 949 quattuor

182 957 511 1008 quaternionibus
547 952 702 1010 (Ε-ΙΙ
722 953 771 1012 4)
801 958 867 998 vel
900 970 992 1010 pag.
1019 959 1183 998 33-64
1214 959 1541 1010 comprehensum

181 1016 360 1056 continet
385 1018 441 1057 49
467 1018 662 1068 epistulas
682 1017 747 1072 (-·
768 1013 1006 1073 61-108).
1045 1018 1152 1069 Typi
1169 1020 1265 1058 sunt
1281 1018 1417 1068 iidem,
1442 1031 1544 1069 quos

180 1076 266 1127 ipse
284 1076 327 1115 in
346 1075 520 1116 editione
538 1077 794 1131 χαρακτήρων
812 1075 1115 1130 ἔπιστολιμαίων
1139 1076 1325 1130 (Parisiis
1348 1074 1483 1132 1558)
1502 1083 1545 1119 et

181 1135 274 1176 Fed.
294 1136 486 1176 Morellus
510 1138 552 1176 in
578 1137 753 1177 editione
777 1137 1115 1178 declamationum
1141 1139 1182 1177 et
1200 1138 1427 1178 orationum
1446 1133 1541 1192 (Pa-

179 1196 287 1235 risiis
313 1196 429 1236 1608
455 1200 497 1236 et
524 1193 659 1250 1628)
684 1197 880 1237 adhibuit.

241 1263 309 1301 22.
329 1261 600 1302 Matutinus
619 1262 874 1314 Veyssiere
892 1263 958 1303 La
978 1262 1123 1303 Oroze
1142 1263 1419 1315 apographum
1445 1264 1526 1315 epi-
1541 1271 1616 1304 478

180 1321 379 1361 stularum
397 1322 516 1362 huius
535 1322 722 1363 editionis
741 1322 859 1363 hodie
876 1323 1106 1363 rarissimae
1126 1323 1167 1362 in
1186 1336 1304 1363 usum
1319 1323 1454 1363 Wolfii
1472 1323 1543 1363 ad-

178 1380 277 1420 ditis
294 1381 358 1430 iis,
380 1393 482 1432 quae
500 1384 660 1433 praeter
678 1383 750 1422 has
770 1385 909 1423 extant
926 1384 968 1422 in
988 1383 1124 1423 codice
1142 1382 1411 1433 Berolinensi,
1429 1384 1541 1433 fecit,

178 1440 286 1491 quod
316 1440 434 1480 hodie
463 1442 506 1481 in
531 1441 773 1482 bibliotheca
797 1443 966 1482 urbica
989 1437 1388 1497 Hamburgensi³)
1413 1455 1539 1483 asser-

178 1502 315 1551 vatur-3

239 1566 488 1606 23.aloem
500 1569 561 1606 est
572 1567 615 1606 in
631 1566 872 1608 Collectione
884 1566 1125 1607 Fabriciana
1133 1566 1398 1608 bibliothecae
1411 1567 1526 1608 Uni·
1540 1575 1614 1607 479

178 1625 433 1666 versitatis
457 1625 754 1667 Havniensis
787 1629 844 1668 90
875 1641 915 1667 n.
942 1629 980 1667 2.
1018 1627 1142 1667 Plura
1171 1627 1220 1667 de
1251 1640 1298 1667 eo
1328 1628 1435 1668 infra
1464 1628 1538 1669 sub

175 1698 282 1725 uum.
305 1686 403 1725 192.
440 1685 546 1725 Usus
577 1699 666 1727 sum
691 1687 911 1738 exemplari
936 1686 1201 1727 bibliothecae
1223 1687 1360 1739 regiae
1384 1687 1537 1728 Beroli-

174 1745 308 1786 nensis
333 1757 423 1784 cum
448 1745 601 1786 Aldina
625 1746 1042 1800 epistolographorum
1066 1749 1285 1798 compacto.

233 1809 388 1851 Deinde
418 1811 542 1851 codex
566 1824 600 1852 a.
625 1813 739 1852 1643
772 1826 798 1853 a
821 1812 991 1853 Nicolao
1022 1812 1202 1864 Rigaltio
1232 1812 1538 1853 bibliothecario

174 1869 440 1910 bibliothecae
464 1871 615 1923 Regiae
640 1871 847 1912 Parisinae
871 1872 1054 1913 Jacobo
1079 1871 1378 1913 Gothofredo
1411 1872 1536 1913 Gene-

175 1941 269 1969 vam
300 1929 445 1970 missus
477 1930 612 1982 ibique
638 1931 699 1971 bis
725 1944 750 1972 a
774 1932 961 1972 Davide
986 1931 1176 1972 Clerico
1201 1932 1425 1983 descriptus
1456 1936 1536 1973 est:

236 1996 302 2034 24.
329 1996 452 2036 semel
475 1997 518 2035 in
542 2009 658 2036 usum
680 1996 916 2038 Gothofrodi
941 1999 988 2037 ut
1010 2000 1187 2038 testatur
1211 1999 1309 2037 nota
1329 1999 1372 2037 in
1391 1997 1523 2038 fronte
1536 2005 1611 2038 480

174 2054 323 2095 codicis
359 2055 477 2095 hodie
513 2055 780 2097 bibliothecae
815 2057 977 2098 urbicae
1014 2056 1394 2110 Hamburgensis
1432 2054 1534 2111 43⁴)

173 2126 294 2153 manu
314 2113 551 2155 Gothofredi
569 2116 719 2166 posita:
742 2116 864 2156 Hunc
881 2117 1026 2157 librum
1047 2118 1249 2166 exscripsit
1264 2117 1362 2157 mihi
1378 2129 1535 2157 sumna

172 2232 238 2273 ret,
260 2228 326 2265 sed
340 2229 466 2266 habito
486 2230 538 2266 ad
555 2231 699 2276 copiam
717 2235 751 2268 ct
768 2242 963 2268 numerum
981 2231 1244 2278 Epistularum
1262 2235 1426 2278 respectu
1444 2231 1534 2267 Ma-

169 2276 313 2313 ximum
337 2287 363 2312 a
386 2287 441 2314 mc
463 2278 700 2324 appellatum.

234 2325 268 2369 1)
292 2322 396 2360 Infra
420 2324 490 2360 sub
515 2336 552 2360 n.
571 2328 653 2361 420.
799 2327 835 2372 2)
859 2325 981 2363 Praef.
1000 2326 1050 2362 ad
1068 2326 1170 2363 Lect.
1190 2337 1228 2373 p.
1248 2330 1281 2362 8.

231 2373 268 2418 ⁸)
293 2370 396 2408 Infra
419 2371 489 2408 sub
514 2384 550 2408 n.
571 2375 651 2409 191.

230 2420 268 2460 4)
285 2418 477 2464 Peterson,
493 2418 626 2457 Gesch.
640 2420 676 2456 d.
690 2420 928 2468 Hamburger
939 2420 1265 2458 Stadtbibliothek
1284 2433 1322 2468 p.
1338 2424 1383 2457 '20
1396 2423 1437 2458 et
1451 2425 1533 2458 1⁹⁹.

170 2465 217 2502 fl.
237 2465 386 2512 Omont,
412 2466 613 2504 Centralbl.
634 2468 661 2504 f.
683 2468 779 2505 Bibl.
802 2468 867 2505 vn
887 2472 968 2506 ³04.
