<?xml version="1.0" encoding="UTF-8"?>
<!DOCTYPE html PUBLIC "-//W3C//DTD XHTML 1.0 Transitional//EN"
    "http://www.w3.org/TR/xhtml1/DTD/xhtml1-transitional.dtd">
<html xmlns="http://www.w3.org/1999/xhtml" xml:lang="en" lang="en">
 <head>
  <title>
</title>
<meta http-equiv="Content-Type" content="text/html;charset=utf-8" />
  <meta name='ocr-system' content='tesseract 3.04.00' />
  <meta name='ocr-capabilities' content='ocr_page ocr_carea ocr_par ocr_line ocrx_word'/>
</head>
<body>
  <div class='ocr_page' id='page_1' title='image "./operarecensuitri09libauoft_0114.png"; bbox 0 0 1872 2924; ppageno 0'>
   <div class='ocr_carea' id='block_1_1' title="bbox 334 219 1380 262">
    <p class='ocr_par' dir='ltr' id='par_1_1' title="bbox 334 219 1380 262">
     <span class='ocr_line' id='line_1_1' title="bbox 334 219 1380 262; baseline 0.005 -9"><span class='ocrx_word' id='word_1_1' title='bbox 334 219 417 262; x_wconf 85' lang='lat'><strong>100</strong></span> <span class='ocrx_word' id='word_1_2' title='bbox 632 220 1000 258; x_wconf 72' lang='lat' dir='ltr'>PROLEGOMENA</span> <span class='ocrx_word' id='word_1_3' title='bbox 1028 222 1094 258; x_wconf 87' lang='lat' dir='ltr'><strong>AD</strong></span> <span class='ocrx_word' id='word_1_4' title='bbox 1120 221 1380 259; x_wconf 83' lang='lat' dir='ltr'>EPISTULAS</span> 
     </span>
    </p>
   </div>
   <div class='ocr_carea' id='block_1_2' title="bbox 328 304 1685 777">
    <p class='ocr_par' dir='ltr' id='par_1_2' title="bbox 328 304 1684 427">
     <span class='ocr_line' id='line_1_2' title="bbox 328 304 1684 366; baseline 0.004 -20"><span class='ocrx_word' id='word_1_5' title='bbox 328 307 425 347; x_wconf 74' lang='lat' dir='ltr'><strong>Post</strong></span> <span class='ocrx_word' id='word_1_6' title='bbox 441 307 561 348; x_wconf 87' lang='lat' dir='ltr'><strong>finem</strong></span> <span class='ocrx_word' id='word_1_7' title='bbox 577 308 744 348; x_wconf 76' lang='lat' dir='ltr'><strong>ultimae</strong></span> <span class='ocrx_word' id='word_1_8' title='bbox 758 310 952 360; x_wconf 77' lang='lat' dir='ltr'><strong>epistulae</strong></span> <span class='ocrx_word' id='word_1_9' title='bbox 965 311 1017 351; x_wconf 91' lang='lat' dir='ltr'><strong>M.</strong></span> <span class='ocrx_word' id='word_1_10' title='bbox 1030 304 1193 351; x_wconf 81' lang='lat' dir='ltr'><strong>Crusius</strong></span> <span class='ocrx_word' id='word_1_11' title='bbox 1212 312 1446 362; x_wconf 78' lang='lat' dir='ltr'><strong>subscripsit</strong></span> <span class='ocrx_word' id='word_1_12' title='bbox 1459 313 1520 351; x_wconf 88' lang='lat' dir='ltr'><strong>M.</strong></span> <span class='ocrx_word' id='word_1_13' title='bbox 1530 314 1569 352; x_wconf 85' lang='lat' dir='ltr'><strong><em>K</em></strong></span> <span class='ocrx_word' id='word_1_14' title='bbox 1574 327 1597 366; x_wconf 83' lang='grc' dir='ltr'><strong><em>ρ</em></strong></span> <span class='ocrx_word' id='word_1_15' title='bbox 1606 312 1684 352; x_wconf 78' lang='grc' dir='ltr'><strong>ού-</strong></span> 
     </span>
     <span class='ocr_line' id='line_1_3' title="bbox 330 366 1204 427; baseline 0.006 -22"><span class='ocrx_word' id='word_1_16' title='bbox 330 378 432 414; x_wconf 87' lang='grc' dir='ltr'><strong><em>σιος</em></strong></span> <span class='ocrx_word' id='word_1_17' title='bbox 456 366 615 421; x_wconf 52' lang='grc' dir='ltr'><strong>,αἷμ’ὀη·</strong></span> <span class='ocrx_word' id='word_1_18' title='bbox 640 366 875 421; x_wconf 81' lang='grc' dir='ltr'><em>ἀνέγνων,</em></span> <span class='ocrx_word' id='word_1_19' title='bbox 899 368 948 410; x_wconf 79' lang='grc' dir='ltr'><em>ἐν</em></span> <span class='ocrx_word' id='word_1_20' title='bbox 972 369 1204 427; x_wconf 74' lang='grc' dir='ltr'><em>τυβίγγῃ·.</em></span> 
     </span>
    </p>

    <p class='ocr_par' dir='ltr' id='par_1_3' title="bbox 328 425 1685 777">
     <span class='ocr_line' id='line_1_4' title="bbox 389 425 1683 484; baseline 0.003 -18"><span class='ocrx_word' id='word_1_21' title='bbox 389 425 527 466; x_wconf 75' lang='lat' dir='ltr'><strong>Scatet</strong></span> <span class='ocrx_word' id='word_1_22' title='bbox 556 429 730 478; x_wconf 80' lang='lat' dir='ltr'><strong>peccatis</strong></span> <span class='ocrx_word' id='word_1_23' title='bbox 761 440 787 466; x_wconf 83' lang='lat' dir='ltr'><strong>a.</strong></span> <span class='ocrx_word' id='word_1_24' title='bbox 817 428 981 468; x_wconf 77' lang='lat' dir='ltr'><strong>librario</strong></span> <span class='ocrx_word' id='word_1_25' title='bbox 1013 442 1178 481; x_wconf 75' lang='lat' dir='ltr'><strong>graecae</strong></span> <span class='ocrx_word' id='word_1_26' title='bbox 1206 430 1366 481; x_wconf 79' lang='lat' dir='ltr'><strong>linguae</strong></span> <span class='ocrx_word' id='word_1_27' title='bbox 1391 441 1534 481; x_wconf 71' lang='lat' dir='ltr'><strong>pst-um</strong></span> <span class='ocrx_word' id='word_1_28' title='bbox 1558 442 1683 484; x_wconf 73' lang='lat' dir='ltr'><strong>gnaro</strong></span> 
     </span>
     <span class='ocr_line' id='line_1_5' title="bbox 329 486 1683 540; baseline 0.004 -16"><span class='ocrx_word' id='word_1_29' title='bbox 329 486 566 536; x_wconf 83' lang='lat' dir='ltr'>commissis,</span> <span class='ocrx_word' id='word_1_30' title='bbox 597 499 700 536; x_wconf 76' lang='lat' dir='ltr'><strong>quae</strong></span> <span class='ocrx_word' id='word_1_31' title='bbox 729 486 842 527; x_wconf 78' lang='lat' dir='ltr'><strong>iuxta</strong></span> <span class='ocrx_word' id='word_1_32' title='bbox 868 489 1059 528; x_wconf 74' lang='lat' dir='ltr'><strong>lectiones</strong></span> <span class='ocrx_word' id='word_1_33' title='bbox 1085 489 1230 529; x_wconf 86' lang='lat' dir='ltr'><strong>codicis</strong></span> <span class='ocrx_word' id='word_1_34' title='bbox 1255 489 1287 528; x_wconf 81' lang='lat' dir='ltr'><strong><em>S</em></strong></span> <span class='ocrx_word' id='word_1_35' title='bbox 1313 489 1356 528; x_wconf 88' lang='lat' dir='ltr'><strong>in</strong></span> <span class='ocrx_word' id='word_1_36' title='bbox 1382 491 1580 540; x_wconf 77' lang='lat' dir='ltr'><strong>apparatu</strong></span> <span class='ocrx_word' id='word_1_37' title='bbox 1603 503 1683 530; x_wconf 88' lang='lat' dir='ltr'><strong>non</strong></span> 
     </span>
     <span class='ocr_line' id='line_1_6' title="bbox 328 545 1683 599; baseline 0.003 -16"><span class='ocrx_word' id='word_1_38' title='bbox 328 546 490 595; x_wconf 78' lang='lat' dir='ltr'><strong>protuli.</strong></span> <span class='ocrx_word' id='word_1_39' title='bbox 534 545 709 585; x_wconf 77' lang='lat' dir='ltr'><strong>Tantum</strong></span> <span class='ocrx_word' id='word_1_40' title='bbox 740 546 810 586; x_wconf 89' lang='lat' dir='ltr'><strong>ubi</strong></span> <span class='ocrx_word' id='word_1_41' title='bbox 840 547 871 586; x_wconf 81' lang='lat' dir='ltr'><strong><em>S</em></strong></span> <span class='ocrx_word' id='word_1_42' title='bbox 904 548 1038 588; x_wconf 79' lang='lat' dir='ltr'><strong>deficit</strong></span> <span class='ocrx_word' id='word_1_43' title='bbox 1073 548 1318 588; x_wconf 82' lang='lat' dir='ltr'><strong>adhibendus</strong></span> <span class='ocrx_word' id='word_1_44' title='bbox 1353 550 1457 597; x_wconf 74' lang='lat' dir='ltr'><strong>erat,</strong></span> <span class='ocrx_word' id='word_1_45' title='bbox 1494 548 1683 599; x_wconf 73' lang='lat' dir='ltr'><strong>quoniam</strong></span> 
     </span>
     <span class='ocr_line' id='line_1_7' title="bbox 328 606 1681 658; baseline 0.004 -16"><span class='ocrx_word' id='word_1_46' title='bbox 328 606 492 655; x_wconf 74' lang='lat' dir='ltr'><strong>propter</strong></span> <span class='ocrx_word' id='word_1_47' title='bbox 516 617 677 644; x_wconf 80' lang='lat' dir='ltr'><strong>causam</strong></span> <span class='ocrx_word' id='word_1_48' title='bbox 702 619 822 657; x_wconf 76' lang='lat' dir='ltr'><strong>quam</strong></span> <span class='ocrx_word' id='word_1_49' title='bbox 853 619 974 657; x_wconf 82' lang='lat' dir='ltr'><strong>supra.</strong></span> <span class='ocrx_word' id='word_1_50' title='bbox 1005 607 1088 646; x_wconf 85' lang='lat' dir='ltr'>dixi</span> <span class='ocrx_word' id='word_1_51' title='bbox 1116 620 1415 658; x_wconf 86' lang='lat' dir='ltr'><strong>nonnusquam,</strong></span> <span class='ocrx_word' id='word_1_52' title='bbox 1438 610 1485 647; x_wconf 74' lang='lat' dir='ltr'><strong>ut</strong></span> <span class='ocrx_word' id='word_1_53' title='bbox 1508 621 1569 658; x_wconf 89' lang='lat' dir='ltr'><strong>ep.</strong></span> <span class='ocrx_word' id='word_1_54' title='bbox 1584 609 1681 647; x_wconf 80' lang='lat'><strong>437.</strong></span> 
     </span>
     <span class='ocr_line' id='line_1_8' title="bbox 332 665 1685 717; baseline 0.003 -15"><span class='ocrx_word' id='word_1_55' title='bbox 332 665 460 713; x_wconf 79' lang='lat'>1237,</span> <span class='ocrx_word' id='word_1_56' title='bbox 484 665 674 704; x_wconf 78' lang='lat' dir='ltr'><strong>lectiones</strong></span> <span class='ocrx_word' id='word_1_57' title='bbox 692 665 837 715; x_wconf 82' lang='lat' dir='ltr'><strong>probas</strong></span> <span class='ocrx_word' id='word_1_58' title='bbox 856 667 1049 716; x_wconf 73' lang='lat' dir='ltr'><strong>servavit,</strong></span> <span class='ocrx_word' id='word_1_59' title='bbox 1081 680 1184 717; x_wconf 76' lang='lat' dir='ltr'><strong>quae</strong></span> <span class='ocrx_word' id='word_1_60' title='bbox 1210 667 1251 705; x_wconf 92' lang='lat' dir='ltr'><strong>in</strong></span> <span class='ocrx_word' id='word_1_61' title='bbox 1279 667 1389 707; x_wconf 88' lang='lat' dir='ltr'><strong>VVa</strong></span> <span class='ocrx_word' id='word_1_62' title='bbox 1403 668 1458 707; x_wconf 89' lang='lat' dir='ltr'><strong>Vo</strong></span> <span class='ocrx_word' id='word_1_63' title='bbox 1482 669 1577 708; x_wconf 67' lang='lat' dir='ltr'><strong>sunt</strong></span> <span class='ocrx_word' id='word_1_64' title='bbox 1600 679 1685 707; x_wconf 88' lang='lat' dir='ltr'><strong>cor-</strong></span> 
     </span>
     <span class='ocr_line' id='line_1_9' title="bbox 328 723 1195 777; baseline 0.003 -16"><span class='ocrx_word' id='word_1_65' title='bbox 328 724 483 773; x_wconf 74' lang='lat' dir='ltr'><strong>ruptae.</strong></span> <span class='ocrx_word' id='word_1_66' title='bbox 517 723 756 764; x_wconf 76' lang='lat' dir='ltr'><strong>Examinavi</strong></span> <span class='ocrx_word' id='word_1_67' title='bbox 781 727 822 764; x_wconf 78' lang='lat' dir='ltr'><strong>et</strong></span> <span class='ocrx_word' id='word_1_68' title='bbox 848 739 869 765; x_wconf 93' lang='lat' dir='ltr'><strong>e</strong></span> <span class='ocrx_word' id='word_1_69' title='bbox 893 728 1008 777; x_wconf 80' lang='lat' dir='ltr'><strong>parte</strong></span> <span class='ocrx_word' id='word_1_70' title='bbox 1033 726 1195 766; x_wconf 74' lang='lat' dir='ltr'><strong>contuli.</strong></span> 
     </span>
    </p>
   </div>
   <div class='ocr_carea' id='block_1_3' title="bbox 328 782 1686 881">
    <p class='ocr_par' dir='ltr' id='par_1_4' title="bbox 328 782 1686 881">
     <span class='ocr_line' id='line_1_10' title="bbox 390 782 1686 881; baseline 0.002 -60"><span class='ocrx_word' id='word_1_71' title='bbox 390 782 450 822; x_wconf 79' lang='lat' dir='ltr'><strong>Ex</strong></span> <span class='ocrx_word' id='word_1_72' title='bbox 462 783 554 881; x_wconf 83' lang='lat' dir='ltr'><strong>dhoc</strong></span> <span class='ocrx_word' id='word_1_73' title='bbox 585 783 806 825; x_wconf 79' lang='lat' dir='ltr'><strong>Basileensi</strong></span> <span class='ocrx_word' id='word_1_74' title='bbox 839 797 917 824; x_wconf 91' lang='lat' dir='ltr'><strong>non</strong></span> <span class='ocrx_word' id='word_1_75' title='bbox 947 788 1032 824; x_wconf 76' lang='lat' dir='ltr'><strong>tam</strong></span> <span class='ocrx_word' id='word_1_76' title='bbox 1063 785 1283 837; x_wconf 77' lang='lat' dir='ltr'><strong>descriptus</strong></span> <span class='ocrx_word' id='word_1_77' title='bbox 1321 798 1439 836; x_wconf 81' lang='lat' dir='ltr'><strong>quam</strong></span> <span class='ocrx_word' id='word_1_78' title='bbox 1478 787 1686 836; x_wconf 61' lang='lat' dir='ltr'><strong>excerptus</strong></span> 
     </span>
     <span class='ocr_line' id='line_1_11' title="bbox 328 844 535 881; baseline 0.01 -2"><span class='ocrx_word' id='word_1_79' title='bbox 328 844 391 880; x_wconf 75' lang='lat' dir='ltr'><strong>est</strong></span> <span class='ocrx_word' id='word_1_80' title='bbox 413 854 460 881; x_wconf 90' lang='lat' dir='ltr'><strong>co</strong></span> <span class='ocrx_word' id='word_1_81' title='bbox 489 855 535 881; x_wconf 88' lang='lat' dir='ltr'><strong>ex</strong></span> 
     </span>
    </p>
   </div>
   <div class='ocr_carea' id='block_1_4' title="bbox 258 906 1688 2273">
    <p class='ocr_par' dir='ltr' id='par_1_5' title="bbox 258 906 1688 2273">
     <span class='ocr_line' id='line_1_12' title="bbox 258 906 1685 969; baseline 0.002 -17"><span class='ocrx_word' id='word_1_82' title='bbox 258 920 327 953; x_wconf 77' lang='lat'><strong>508</strong></span> <span class='ocrx_word' id='word_1_83' title='bbox 391 906 619 953; x_wconf 77' lang='lat' dir='ltr'><strong>59.Tubin</strong></span> <span class='ocrx_word' id='word_1_84' title='bbox 628 915 790 967; x_wconf 77' lang='lat' dir='ltr'><strong>gensis</strong></span> <span class='ocrx_word' id='word_1_85' title='bbox 801 914 1065 955; x_wconf 73' lang='lat' dir='ltr'><strong>bibliothecae</strong></span> <span class='ocrx_word' id='word_1_86' title='bbox 1078 916 1435 956; x_wconf 76' lang='lat' dir='ltr'><strong>universitatisMb</strong></span> <span class='ocrx_word' id='word_1_87' title='bbox 1449 918 1504 955; x_wconf 91' lang='lat'><strong>10</strong></span> <span class='ocrx_word' id='word_1_88' title='bbox 1514 911 1629 969; x_wconf 78' lang='lat' dir='ltr'><strong>(XX.</strong></span> <span class='ocrx_word' id='word_1_89' title='bbox 1638 909 1685 969; x_wconf 87' lang='lat'><strong>4)</strong></span> 
     </span>
     <span class='ocr_line' id='line_1_13' title="bbox 329 969 1685 1026; baseline 0.003 -16"><span class='ocrx_word' id='word_1_90' title='bbox 329 969 482 1026; x_wconf 83' lang='lat' dir='ltr'><strong>(Orusii</strong></span> <span class='ocrx_word' id='word_1_91' title='bbox 509 973 630 1013; x_wconf 76' lang='lat' dir='ltr'><strong>Varia</strong></span> <span class='ocrx_word' id='word_1_92' title='bbox 654 987 798 1026; x_wconf 77' lang='lat' dir='ltr'><strong>graeca.</strong></span> <span class='ocrx_word' id='word_1_93' title='bbox 822 975 927 1024; x_wconf 87' lang='grc'>109)</span> <span class='ocrx_word' id='word_1_94' title='bbox 958 975 1098 1014; x_wconf 86' lang='lat' dir='ltr'><strong>diebus</strong></span> <span class='ocrx_word' id='word_1_95' title='bbox 1125 977 1180 1015; x_wconf 87' lang='lat'><strong>30</strong></span> <span class='ocrx_word' id='word_1_96' title='bbox 1205 975 1377 1015; x_wconf 57' lang='lat' dir='ltr'><strong>octobris</strong></span> <span class='ocrx_word' id='word_1_97' title='bbox 1402 988 1526 1025; x_wconf 88' lang='lat' dir='ltr'><strong>usque</strong></span> <span class='ocrx_word' id='word_1_98' title='bbox 1551 975 1603 1014; x_wconf 81' lang='lat' dir='ltr'><strong>ad</strong></span> <span class='ocrx_word' id='word_1_99' title='bbox 1630 976 1685 1014; x_wconf 82' lang='lat'><strong>12</strong></span> 
     </span>
     <span class='ocr_line' id='line_1_14' title="bbox 329 1032 1685 1086; baseline 0.002 -16"><span class='ocrx_word' id='word_1_100' title='bbox 329 1032 554 1072; x_wconf 83' lang='lat' dir='ltr'><strong>novembris</strong></span> <span class='ocrx_word' id='word_1_101' title='bbox 580 1045 614 1072; x_wconf 79' lang='lat' dir='ltr'><strong>a.</strong></span> <span class='ocrx_word' id='word_1_102' title='bbox 638 1034 751 1073; x_wconf 87' lang='grc'>1578</span> <span class='ocrx_word' id='word_1_103' title='bbox 779 1047 803 1073; x_wconf 87' lang='lat' dir='ltr'><strong>a</strong></span> <span class='ocrx_word' id='word_1_104' title='bbox 827 1035 1037 1074; x_wconf 77' lang='lat' dir='ltr'><strong>Martino</strong></span> <span class='ocrx_word' id='word_1_105' title='bbox 1063 1034 1232 1074; x_wconf 82' lang='lat' dir='ltr'><strong>Orusio</strong></span> <span class='ocrx_word' id='word_1_106' title='bbox 1263 1034 1433 1074; x_wconf 75' lang='lat' dir='ltr'><strong>testibus</strong></span> <span class='ocrx_word' id='word_1_107' title='bbox 1458 1034 1685 1086; x_wconf 71' lang='lat' dir='ltr'><strong>inscriptio·</strong></span> 
     </span>
     <span class='ocr_line' id='line_1_15' title="bbox 329 1091 1687 1146; baseline 0.001 -16"><span class='ocrx_word' id='word_1_108' title='bbox 329 1091 446 1132; x_wconf 87' lang='lat' dir='ltr'><strong>nibus</strong></span> <span class='ocrx_word' id='word_1_109' title='bbox 466 1106 503 1143; x_wconf 91' lang='lat' dir='ltr'><strong>p.</strong></span> <span class='ocrx_word' id='word_1_110' title='bbox 526 1094 570 1131; x_wconf 84' lang='lat' dir='ltr'><strong>l:</strong></span> <span class='ocrx_word' id='word_1_111' title='bbox 595 1093 730 1143; x_wconf 76' lang='lat' dir='ltr'><strong>Incepi</strong></span> <span class='ocrx_word' id='word_1_112' title='bbox 748 1095 818 1133; x_wconf 81' lang='lat'><strong>26.</strong></span> <span class='ocrx_word' id='word_1_113' title='bbox 836 1093 960 1134; x_wconf 75' lang='lat' dir='ltr'><strong>Octob.</strong></span> <span class='ocrx_word' id='word_1_114' title='bbox 983 1095 1099 1133; x_wconf 83' lang='lat'><strong>1578</strong></span> <span class='ocrx_word' id='word_1_115' title='bbox 1123 1093 1494 1146; x_wconf 82' lang='grc' dir='ltr'><em>Μαρτινοκρούσιος</em></span> <span class='ocrx_word' id='word_1_116' title='bbox 1519 1105 1564 1133; x_wconf 75' lang='lat' dir='ltr'><strong>ea:</strong></span> <span class='ocrx_word' id='word_1_117' title='bbox 1589 1094 1687 1133; x_wconf 79' lang='lat' dir='ltr'><strong>libro</strong></span> 
     </span>
     <span class='ocr_line' id='line_1_16' title="bbox 328 1151 1688 1203; baseline 0.001 -14"><span class='ocrx_word' id='word_1_118' title='bbox 328 1153 593 1201; x_wconf 74' lang='lat' dir='ltr'><strong>manuscripto</strong></span> <span class='ocrx_word' id='word_1_119' title='bbox 623 1152 885 1193; x_wconf 73' lang='lat' dir='ltr'><strong>Bibliothecae</strong></span> <span class='ocrx_word' id='word_1_120' title='bbox 914 1154 1044 1194; x_wconf 69' lang='lat' dir='ltr'><strong>Basa.</strong></span> <span class='ocrx_word' id='word_1_121' title='bbox 1062 1165 1138 1203; x_wconf 79' lang='lat' dir='ltr'><strong>per</strong></span> <span class='ocrx_word' id='word_1_122' title='bbox 1167 1154 1220 1192; x_wconf 91' lang='lat' dir='ltr'><strong>D.</strong></span> <span class='ocrx_word' id='word_1_123' title='bbox 1246 1154 1298 1193; x_wconf 84' lang='lat' dir='ltr'><strong>D.</strong></span> <span class='ocrx_word' id='word_1_124' title='bbox 1323 1151 1438 1193; x_wconf 60' lang='lat' dir='ltr'><strong>soff.</strong></span> <span class='ocrx_word' id='word_1_125' title='bbox 1468 1154 1551 1193; x_wconf 83' lang='lat' dir='ltr'><strong>Iac.</strong></span> <span class='ocrx_word' id='word_1_126' title='bbox 1586 1152 1688 1203; x_wconf 76' lang='lat' dir='ltr'><strong>Gry·</strong></span> 
     </span>
     <span class='ocr_line' id='line_1_17' title="bbox 328 1213 1687 1263; baseline 0.001 -14"><span class='ocrx_word' id='word_1_127' title='bbox 328 1223 446 1250; x_wconf 85' lang='lat' dir='ltr'><strong>neum</strong></span> <span class='ocrx_word' id='word_1_128' title='bbox 471 1213 719 1258; x_wconf 82' lang='lat' dir='ltr'><strong>commodato,</strong></span> <span class='ocrx_word' id='word_1_129' title='bbox 745 1214 810 1250; x_wconf 73' lang='lat'><strong>4⁰⁶</strong></span> <span class='ocrx_word' id='word_1_130' title='bbox 832 1215 995 1263; x_wconf 77' lang='lat' dir='ltr'><strong>formae,</strong></span> <span class='ocrx_word' id='word_1_131' title='bbox 1019 1214 1230 1258; x_wconf 79' lang='lat' dir='ltr'><strong>chartaceo,</strong></span> <span class='ocrx_word' id='word_1_132' title='bbox 1256 1214 1435 1252; x_wconf 79' lang='lat' dir='ltr'><strong>carmina</strong></span> <span class='ocrx_word' id='word_1_133' title='bbox 1461 1213 1576 1252; x_wconf 79' lang='lat' dir='ltr'><strong>etiam</strong></span> <span class='ocrx_word' id='word_1_134' title='bbox 1599 1213 1687 1251; x_wconf 82' lang='lat' dir='ltr'><strong>Na-</strong></span> 
     </span>
     <span class='ocr_line' id='line_1_18' title="bbox 328 1269 1684 1323; baseline 0.001 -14"><span class='ocrx_word' id='word_1_135' title='bbox 328 1271 507 1310; x_wconf 71' lang='lat' dir='ltr'><strong>zianzeni</strong></span> <span class='ocrx_word' id='word_1_136' title='bbox 523 1271 695 1310; x_wconf 75' lang='lat' dir='ltr'><strong>habente.</strong></span> <span class='ocrx_word' id='word_1_137' title='bbox 726 1271 834 1310; x_wconf 86' lang='lat' dir='ltr'><strong>Eum</strong></span> <span class='ocrx_word' id='word_1_138' title='bbox 853 1284 940 1311; x_wconf 85' lang='lat' dir='ltr'><strong>cum</strong></span> <span class='ocrx_word' id='word_1_139' title='bbox 957 1273 1050 1313; x_wconf 80' lang='lat' dir='ltr'><strong>aliis</strong></span> <span class='ocrx_word' id='word_1_140' title='bbox 1071 1269 1303 1313; x_wconf 78' lang='lat' dir='ltr'><strong>Cardinalis</strong></span> <span class='ocrx_word' id='word_1_141' title='bbox 1320 1272 1551 1323; x_wconf 72' lang='lat' dir='ltr'><strong>Raqusinus</strong></span> <span class='ocrx_word' id='word_1_142' title='bbox 1568 1272 1684 1311; x_wconf 86' lang='lat' dir='ltr'><strong>Ioan.</strong></span> 
     </span>
     <span class='ocr_line' id='line_1_19' title="bbox 328 1329 1685 1383; baseline 0.001 -15"><span class='ocrx_word' id='word_1_143' title='bbox 328 1330 372 1368; x_wconf 86' lang='lat' dir='ltr'><strong>in</strong></span> <span class='ocrx_word' id='word_1_144' title='bbox 400 1329 572 1369; x_wconf 77' lang='lat' dir='ltr'><strong>Concilio</strong></span> <span class='ocrx_word' id='word_1_145' title='bbox 596 1330 724 1371; x_wconf 83' lang='lat' dir='ltr'><strong>Basil.</strong></span> <span class='ocrx_word' id='word_1_146' title='bbox 750 1332 960 1382; x_wconf 65' lang='lat' dir='ltr'><strong>reliwerat</strong></span> <span class='ocrx_word' id='word_1_147' title='bbox 985 1333 1026 1371; x_wconf 73' lang='lat' dir='ltr'><strong>et</strong></span> <span class='ocrx_word' id='word_1_148' title='bbox 1049 1345 1088 1383; x_wconf 88' lang='lat' dir='ltr'><strong>p.</strong></span> <span class='ocrx_word' id='word_1_149' title='bbox 1105 1333 1179 1371; x_wconf 87' lang='lat'><strong>64:</strong></span> <span class='ocrx_word' id='word_1_150' title='bbox 1210 1332 1277 1370; x_wconf 77' lang='lat' dir='ltr'><strong>Ex</strong></span> <span class='ocrx_word' id='word_1_151' title='bbox 1307 1333 1436 1371; x_wconf 85' lang='lat' dir='ltr'><strong>eodem</strong></span> <span class='ocrx_word' id='word_1_152' title='bbox 1465 1331 1685 1371; x_wconf 78' lang='lat' dir='ltr'><strong>Basiliensi</strong></span> 
     </span>
     <span class='ocr_line' id='line_1_20' title="bbox 329 1388 1685 1440; baseline 0.001 -13"><span class='ocrx_word' id='word_1_153' title='bbox 329 1388 428 1428; x_wconf 81' lang='lat' dir='ltr'><strong>libro</strong></span> <span class='ocrx_word' id='word_1_154' title='bbox 458 1390 575 1428; x_wconf 80' lang='lat' dir='ltr'><strong>varia</strong></span> <span class='ocrx_word' id='word_1_155' title='bbox 599 1391 812 1430; x_wconf 77' lang='lat' dir='ltr'><strong>continente</strong></span> <span class='ocrx_word' id='word_1_156' title='bbox 843 1391 958 1430; x_wconf 82' lang='lat' dir='ltr'><strong>etiam</strong></span> <span class='ocrx_word' id='word_1_157' title='bbox 982 1391 1175 1440; x_wconf 78' lang='lat' dir='ltr'><strong>quasdam</strong></span> <span class='ocrx_word' id='word_1_158' title='bbox 1200 1391 1365 1430; x_wconf 81' lang='lat' dir='ltr'><strong>Libanii</strong></span> <span class='ocrx_word' id='word_1_159' title='bbox 1388 1391 1589 1440; x_wconf 75' lang='lat' dir='ltr'><strong>Epistolas</strong></span> <span class='ocrx_word' id='word_1_160' title='bbox 1615 1389 1685 1429; x_wconf 88' lang='lat' dir='ltr'><strong>Oc-</strong></span> 
     </span>
     <span class='ocr_line' id='line_1_21' title="bbox 330 1448 1686 1500; baseline 0.001 -14"><span class='ocrx_word' id='word_1_161' title='bbox 330 1448 401 1487; x_wconf 86' lang='lat' dir='ltr'><strong>tob.</strong></span> <span class='ocrx_word' id='word_1_162' title='bbox 416 1450 474 1486; x_wconf 90' lang='grc'><strong>30</strong></span> <span class='ocrx_word' id='word_1_163' title='bbox 500 1451 540 1488; x_wconf 78' lang='lat' dir='ltr'><strong>et</strong></span> <span class='ocrx_word' id='word_1_164' title='bbox 561 1462 598 1499; x_wconf 89' lang='lat' dir='ltr'><strong>p.</strong></span> <span class='ocrx_word' id='word_1_165' title='bbox 616 1450 720 1488; x_wconf 85' lang='lat'><strong>141:</strong></span> <span class='ocrx_word' id='word_1_166' title='bbox 743 1451 902 1490; x_wconf 84' lang='lat' dir='ltr'><strong>Rursus</strong></span> <span class='ocrx_word' id='word_1_167' title='bbox 925 1451 1096 1490; x_wconf 77' lang='lat' dir='ltr'><strong>indidem</strong></span> <span class='ocrx_word' id='word_1_168' title='bbox 1122 1451 1315 1500; x_wconf 77' lang='lat' dir='ltr'><strong>quaedam</strong></span> <span class='ocrx_word' id='word_1_169' title='bbox 1339 1450 1540 1500; x_wconf 78' lang='lat' dir='ltr'><strong>Epistolae</strong></span> <span class='ocrx_word' id='word_1_170' title='bbox 1561 1449 1686 1488; x_wconf 68' lang='lat' dir='ltr'><strong>Ise&#39;ba-</strong></span> 
     </span>
     <span class='ocr_line' id='line_1_22' title="bbox 329 1507 1684 1560; baseline 0.001 -15"><span class='ocrx_word' id='word_1_171' title='bbox 329 1509 411 1546; x_wconf 78' lang='lat' dir='ltr'><strong>nii:</strong></span> <span class='ocrx_word' id='word_1_172' title='bbox 429 1507 615 1548; x_wconf 85' lang='lat' dir='ltr'><strong>Novemb.</strong></span> <span class='ocrx_word' id='word_1_173' title='bbox 635 1510 661 1548; x_wconf 90' lang='lat'><em>9</em></span> <span class='ocrx_word' id='word_1_174' title='bbox 676 1511 715 1548; x_wconf 76' lang='lat' dir='ltr'><strong>et</strong></span> <span class='ocrx_word' id='word_1_175' title='bbox 727 1522 765 1559; x_wconf 91' lang='lat' dir='ltr'><strong>p.</strong></span> <span class='ocrx_word' id='word_1_176' title='bbox 781 1511 881 1548; x_wconf 85' lang='lat'>145:</span> <span class='ocrx_word' id='word_1_177' title='bbox 895 1510 1078 1549; x_wconf 87' lang='lat' dir='ltr'><strong>Novemb.</strong></span> <span class='ocrx_word' id='word_1_178' title='bbox 1102 1512 1157 1549; x_wconf 90' lang='lat'><strong>10</strong></span> <span class='ocrx_word' id='word_1_179' title='bbox 1177 1511 1218 1549; x_wconf 78' lang='lat' dir='ltr'><strong>et</strong></span> <span class='ocrx_word' id='word_1_180' title='bbox 1229 1523 1268 1560; x_wconf 90' lang='lat' dir='ltr'><strong>p.</strong></span> <span class='ocrx_word' id='word_1_181' title='bbox 1291 1510 1396 1548; x_wconf 87' lang='lat'>158:</span> <span class='ocrx_word' id='word_1_182' title='bbox 1415 1509 1600 1549; x_wconf 86' lang='lat' dir='ltr'><strong>Novemb.</strong></span> <span class='ocrx_word' id='word_1_183' title='bbox 1617 1511 1684 1547; x_wconf 88' lang='lat'><strong>11.</strong></span> 
     </span>
     <span class='ocr_line' id='line_1_23' title="bbox 331 1566 1685 1619; baseline 0.001 -14"><span class='ocrx_word' id='word_1_184' title='bbox 331 1569 372 1605; x_wconf 78' lang='lat' dir='ltr'><strong>et</strong></span> <span class='ocrx_word' id='word_1_185' title='bbox 403 1566 491 1606; x_wconf 86' lang='lat' dir='ltr'><strong>folii</strong></span> <span class='ocrx_word' id='word_1_186' title='bbox 522 1567 675 1607; x_wconf 78' lang='lat' dir='ltr'><strong>ultimi:</strong></span> <span class='ocrx_word' id='word_1_187' title='bbox 706 1566 867 1608; x_wconf 68' lang='lat' dir='ltr'><strong>Absolve·</strong></span> <span class='ocrx_word' id='word_1_188' title='bbox 898 1572 1017 1608; x_wconf 83' lang='lat' dir='ltr'><strong>totum</strong></span> <span class='ocrx_word' id='word_1_189' title='bbox 1047 1582 1144 1619; x_wconf 79' lang='lat' dir='ltr'><strong>opus</strong></span> <span class='ocrx_word' id='word_1_190' title='bbox 1178 1570 1245 1608; x_wconf 83' lang='lat'><strong>12.</strong></span> <span class='ocrx_word' id='word_1_191' title='bbox 1270 1569 1452 1608; x_wconf 86' lang='lat' dir='ltr'><strong>Novemb.</strong></span> <span class='ocrx_word' id='word_1_192' title='bbox 1490 1569 1685 1617; x_wconf 80' lang='lat' dir='ltr'><strong>inceptum</strong></span> 
     </span>
     <span class='ocr_line' id='line_1_24' title="bbox 330 1623 1686 1678; baseline 0 -12"><span class='ocrx_word' id='word_1_193' title='bbox 330 1627 400 1666; x_wconf 80' lang='lat'><strong>26.</strong></span> <span class='ocrx_word' id='word_1_194' title='bbox 426 1623 505 1666; x_wconf 85' lang='lat' dir='ltr'><strong>Oct.</strong></span> <span class='ocrx_word' id='word_1_195' title='bbox 529 1627 656 1677; x_wconf 83' lang='lat'>1578,</span> <span class='ocrx_word' id='word_1_196' title='bbox 681 1628 898 1668; x_wconf 80' lang='lat' dir='ltr'><strong>describens</strong></span> <span class='ocrx_word' id='word_1_197' title='bbox 921 1630 1055 1668; x_wconf 76' lang='lat' dir='ltr'><strong>omnia</strong></span> <span class='ocrx_word' id='word_1_198' title='bbox 1085 1641 1184 1678; x_wconf 76' lang='lat' dir='ltr'><strong>quae</strong></span> <span class='ocrx_word' id='word_1_199' title='bbox 1217 1640 1296 1667; x_wconf 87' lang='lat' dir='ltr'><strong>non</strong></span> <span class='ocrx_word' id='word_1_200' title='bbox 1319 1629 1505 1668; x_wconf 82' lang='lat' dir='ltr'><strong>habebam</strong></span> <span class='ocrx_word' id='word_1_201' title='bbox 1533 1638 1686 1672; x_wconf 76' lang='lat' dir='ltr'><strong>excusa,</strong></span> 
     </span>
     <span class='ocr_line' id='line_1_25' title="bbox 330 1686 1683 1738; baseline 0 -14"><span class='ocrx_word' id='word_1_202' title='bbox 330 1688 486 1734; x_wconf 82' lang='lat' dir='ltr'><strong>praeter</strong></span> <span class='ocrx_word' id='word_1_203' title='bbox 516 1688 732 1736; x_wconf 80' lang='lat' dir='ltr'><strong>complures</strong></span> <span class='ocrx_word' id='word_1_204' title='bbox 762 1688 927 1727; x_wconf 78' lang='lat' dir='ltr'><strong>Libanii</strong></span> <span class='ocrx_word' id='word_1_205' title='bbox 957 1689 1157 1738; x_wconf 73' lang='lat' dir='ltr'><strong>epistolas,</strong></span> <span class='ocrx_word' id='word_1_206' title='bbox 1194 1699 1292 1738; x_wconf 78' lang='lat' dir='ltr'><strong>quas</strong></span> <span class='ocrx_word' id='word_1_207' title='bbox 1321 1699 1401 1726; x_wconf 85' lang='lat' dir='ltr'><strong>non</strong></span> <span class='ocrx_word' id='word_1_208' title='bbox 1430 1687 1565 1736; x_wconf 73' lang='lat' dir='ltr'><strong>mayni</strong></span> <span class='ocrx_word' id='word_1_209' title='bbox 1599 1686 1683 1735; x_wconf 80' lang='lat' dir='ltr'><strong>feci.</strong></span> 
     </span>
     <span class='ocr_line' id='line_1_26' title="bbox 332 1745 1687 1795; baseline 0.001 -12"><span class='ocrx_word' id='word_1_210' title='bbox 332 1746 453 1785; x_wconf 80' lang='lat' dir='ltr'><strong>Liber</strong></span> <span class='ocrx_word' id='word_1_211' title='bbox 474 1749 637 1794; x_wconf 78' lang='lat' dir='ltr'><strong>quartae</strong></span> <span class='ocrx_word' id='word_1_212' title='bbox 660 1748 811 1795; x_wconf 78' lang='lat' dir='ltr'><strong>formae</strong></span> <span class='ocrx_word' id='word_1_213' title='bbox 836 1750 890 1786; x_wconf 80' lang='lat' dir='ltr'><strong>cst</strong></span> <span class='ocrx_word' id='word_1_214' title='bbox 919 1748 1127 1787; x_wconf 79' lang='lat' dir='ltr'><strong>asserculis</strong></span> <span class='ocrx_word' id='word_1_215' title='bbox 1151 1748 1239 1786; x_wconf 85' lang='lat' dir='ltr'><strong>albo</strong></span> <span class='ocrx_word' id='word_1_216' title='bbox 1269 1749 1371 1786; x_wconf 74' lang='lat' dir='ltr'><strong>corto</strong></span> <span class='ocrx_word' id='word_1_217' title='bbox 1402 1747 1596 1786; x_wconf 82' lang='lat' dir='ltr'><strong>obductis:</strong></span> <span class='ocrx_word' id='word_1_218' title='bbox 1619 1745 1687 1794; x_wconf 76' lang='lat' dir='ltr'><strong>qui</strong></span> 
     </span>
     <span class='ocr_line' id='line_1_27' title="bbox 331 1804 1687 1855; baseline 0.001 -13"><span class='ocrx_word' id='word_1_219' title='bbox 331 1815 410 1842; x_wconf 87' lang='lat' dir='ltr'><strong>uno</strong></span> <span class='ocrx_word' id='word_1_220' title='bbox 436 1804 513 1844; x_wconf 85' lang='lat' dir='ltr'><strong>loco</strong></span> <span class='ocrx_word' id='word_1_221' title='bbox 539 1809 727 1854; x_wconf 76' lang='lat' dir='ltr'><strong>tanquam</strong></span> <span class='ocrx_word' id='word_1_222' title='bbox 751 1807 903 1855; x_wconf 68' lang='lat' dir='ltr'><strong>cinyulo</strong></span> <span class='ocrx_word' id='word_1_223' title='bbox 921 1808 965 1845; x_wconf 75' lang='lat' dir='ltr'><strong>in</strong></span> <span class='ocrx_word' id='word_1_224' title='bbox 983 1808 1162 1847; x_wconf 80' lang='lat' dir='ltr'><strong>aculeum</strong></span> <span class='ocrx_word' id='word_1_225' title='bbox 1179 1806 1383 1855; x_wconf 75' lang='lat' dir='ltr'><strong>infibulato</strong></span> <span class='ocrx_word' id='word_1_226' title='bbox 1401 1805 1610 1845; x_wconf 80' lang='lat' dir='ltr'><strong>clauditur.</strong></span> <span class='ocrx_word' id='word_1_227' title='bbox 1631 1805 1687 1843; x_wconf 78' lang='lat' dir='ltr'><strong>In</strong></span> 
     </span>
     <span class='ocr_line' id='line_1_28' title="bbox 333 1861 1686 1917; baseline 0 -15"><span class='ocrx_word' id='word_1_228' title='bbox 333 1867 497 1903; x_wconf 75' lang='lat' dir='ltr'><strong>extremo</strong></span> <span class='ocrx_word' id='word_1_229' title='bbox 521 1867 603 1913; x_wconf 81' lang='lat' dir='ltr'><strong>fere</strong></span> <span class='ocrx_word' id='word_1_230' title='bbox 627 1867 830 1914; x_wconf 77' lang='lat' dir='ltr'><strong>inscripsi:</strong></span> <span class='ocrx_word' id='word_1_231' title='bbox 860 1867 922 1905; x_wconf 93' lang='lat' dir='ltr'><strong>M.</strong></span> <span class='ocrx_word' id='word_1_232' title='bbox 947 1865 1189 1917; x_wconf 84' lang='grc' dir='ltr'><em>Κρούσιος</em></span> <span class='ocrx_word' id='word_1_233' title='bbox 1213 1864 1352 1917; x_wconf 51' lang='grc' dir='ltr'><em>,αᾷῗοη</em></span> <span class='ocrx_word' id='word_1_234' title='bbox 1377 1863 1611 1917; x_wconf 82' lang='grc' dir='ltr'><em>ἀνέγνων,</em></span> <span class='ocrx_word' id='word_1_235' title='bbox 1635 1861 1686 1903; x_wconf 80' lang='grc' dir='ltr'><em>ἐν</em></span> 
     </span>
     <span class='ocr_line' id='line_1_29' title="bbox 337 1919 1688 1979; baseline 0 -18"><span class='ocrx_word' id='word_1_236' title='bbox 337 1922 562 1979; x_wconf 76' lang='grc' dir='ltr'><em>Τυβίγγῃ.</em></span> <span class='ocrx_word' id='word_1_237' title='bbox 601 1925 751 1964; x_wconf 77' lang='lat' dir='ltr'><strong>Remisi</strong></span> <span class='ocrx_word' id='word_1_238' title='bbox 775 1926 815 1964; x_wconf 81' lang='lat'><strong>2.</strong></span> <span class='ocrx_word' id='word_1_239' title='bbox 841 1923 971 1974; x_wconf 75' lang='lat' dir='ltr'><strong>April.</strong></span> <span class='ocrx_word' id='word_1_240' title='bbox 998 1927 1064 1964; x_wconf 83' lang='lat'><strong>79.</strong></span> <span class='ocrx_word' id='word_1_241' title='bbox 1101 1926 1152 1964; x_wconf 92' lang='lat' dir='ltr'><strong>D.</strong></span> <span class='ocrx_word' id='word_1_242' title='bbox 1172 1926 1224 1964; x_wconf 92' lang='lat' dir='ltr'><strong>D.</strong></span> <span class='ocrx_word' id='word_1_243' title='bbox 1247 1925 1427 1974; x_wconf 76' lang='lat' dir='ltr'><strong>Grynaeo</strong></span> <span class='ocrx_word' id='word_1_244' title='bbox 1438 1919 1483 1977; x_wconf 91' lang='lat'><strong>¹).</strong></span> <span class='ocrx_word' id='word_1_245' title='bbox 1520 1922 1688 1962; x_wconf 85' lang='lat' dir='ltr'><strong>Numeri</strong></span> 
     </span>
     <span class='ocr_line' id='line_1_30' title="bbox 334 1982 1686 2035; baseline 0 -14"><span class='ocrx_word' id='word_1_246' title='bbox 334 1982 493 2032; x_wconf 86' lang='lat' dir='ltr'><strong>quidem</strong></span> <span class='ocrx_word' id='word_1_247' title='bbox 518 1984 705 2022; x_wconf 89' lang='lat' dir='ltr'><strong>foliorum</strong></span> <span class='ocrx_word' id='word_1_248' title='bbox 731 1983 875 2023; x_wconf 87' lang='lat' dir='ltr'><strong>codicis</strong></span> <span class='ocrx_word' id='word_1_249' title='bbox 901 1985 1140 2024; x_wconf 85' lang='lat' dir='ltr'><strong>Basileensis</strong></span> <span class='ocrx_word' id='word_1_250' title='bbox 1166 1983 1356 2035; x_wconf 77' lang='lat' dir='ltr'><strong>adscripti</strong></span> <span class='ocrx_word' id='word_1_251' title='bbox 1375 1986 1479 2031; x_wconf 77' lang='lat' dir='ltr'><strong>sunt,</strong></span> <span class='ocrx_word' id='word_1_252' title='bbox 1498 1983 1569 2033; x_wconf 88' lang='lat' dir='ltr'><strong>qui</strong></span> <span class='ocrx_word' id='word_1_253' title='bbox 1596 1994 1686 2021; x_wconf 88' lang='lat' dir='ltr'><strong>cum</strong></span> 
     </span>
     <span class='ocr_line' id='line_1_31' title="bbox 333 2039 1687 2096; baseline 0 -16"><span class='ocrx_word' id='word_1_254' title='bbox 333 2041 533 2081; x_wconf 84' lang='lat' dir='ltr'><strong>hodiernis</strong></span> <span class='ocrx_word' id='word_1_255' title='bbox 558 2043 769 2092; x_wconf 83' lang='lat' dir='ltr'><strong>paululum</strong></span> <span class='ocrx_word' id='word_1_256' title='bbox 794 2039 1084 2096; x_wconf 54' lang='lat' dir='ltr'><strong>discrepanff),</strong></span> <span class='ocrx_word' id='word_1_257' title='bbox 1115 2044 1183 2083; x_wconf 88' lang='lat' dir='ltr'><strong>sed</strong></span> <span class='ocrx_word' id='word_1_258' title='bbox 1208 2043 1303 2082; x_wconf 87' lang='lat' dir='ltr'><strong>ordo</strong></span> <span class='ocrx_word' id='word_1_259' title='bbox 1328 2043 1393 2082; x_wconf 88' lang='lat' dir='ltr'><strong>hic</strong></span> <span class='ocrx_word' id='word_1_260' title='bbox 1416 2043 1500 2081; x_wconf 88' lang='lat' dir='ltr'><strong>illic</strong></span> <span class='ocrx_word' id='word_1_261' title='bbox 1524 2041 1687 2080; x_wconf 80' lang='lat' dir='ltr'><strong>relictus</strong></span> 
     </span>
     <span class='ocr_line' id='line_1_32' title="bbox 334 2097 1686 2156; baseline 0 -17"><span class='ocrx_word' id='word_1_262' title='bbox 334 2103 405 2140; x_wconf 70' lang='lat' dir='ltr'><strong>est.</strong></span> <span class='ocrx_word' id='word_1_263' title='bbox 439 2101 541 2140; x_wconf 72' lang='lat' dir='ltr'><strong>Sunt</strong></span> <span class='ocrx_word' id='word_1_264' title='bbox 559 2115 618 2153; x_wconf 88' lang='lat' dir='ltr'><strong>ep.</strong></span> <span class='ocrx_word' id='word_1_265' title='bbox 641 2103 738 2141; x_wconf 84' lang='lat'><strong>636.</strong></span> <span class='ocrx_word' id='word_1_266' title='bbox 755 2104 1034 2150; x_wconf 85' lang='lat'>1184.1041;</span> <span class='ocrx_word' id='word_1_267' title='bbox 1063 2104 1175 2142; x_wconf 90' lang='lat'>1108</span> <span class='ocrx_word' id='word_1_268' title='bbox 1191 2103 1254 2141; x_wconf 91' lang='lat' dir='ltr'><strong>W.</strong></span> <span class='ocrx_word' id='word_1_269' title='bbox 1274 2098 1339 2156; x_wconf 63' lang='grc' dir='ltr'><strong>(τε</strong></span> <span class='ocrx_word' id='word_1_270' title='bbox 1359 2101 1522 2152; x_wconf 86' lang='lat' dir='ltr'><strong>Dionys.</strong></span> <span class='ocrx_word' id='word_1_271' title='bbox 1540 2097 1597 2153; x_wconf 87' lang='lat'><strong>1).</strong></span> <span class='ocrx_word' id='word_1_272' title='bbox 1618 2100 1686 2139; x_wconf 87' lang='lat'><strong>48.</strong></span> 
     </span>
     <span class='ocr_line' id='line_1_33' title="bbox 337 2156 1686 2215; baseline -0.001 -15"><span class='ocrx_word' id='word_1_273' title='bbox 337 2161 449 2200; x_wconf 88' lang='grc'>1087</span> <span class='ocrx_word' id='word_1_274' title='bbox 462 2161 521 2200; x_wconf 91' lang='lat' dir='ltr'><strong>W.</strong></span> <span class='ocrx_word' id='word_1_275' title='bbox 537 2156 602 2213; x_wconf 82' lang='lat'><strong>(===</strong></span> <span class='ocrx_word' id='word_1_276' title='bbox 617 2162 734 2200; x_wconf 88' lang='lat' dir='ltr'><strong>Dion.</strong></span> <span class='ocrx_word' id='word_1_277' title='bbox 751 2157 807 2215; x_wconf 88' lang='lat'><strong>2).</strong></span> <span class='ocrx_word' id='word_1_278' title='bbox 826 2163 923 2202; x_wconf 81' lang='lat'><strong>618.</strong></span> <span class='ocrx_word' id='word_1_279' title='bbox 950 2175 1088 2201; x_wconf 88' lang='lat' dir='ltr'><strong>comm.</strong></span> <span class='ocrx_word' id='word_1_280' title='bbox 1103 2175 1161 2212; x_wconf 91' lang='lat' dir='ltr'><strong>ep.</strong></span> <span class='ocrx_word' id='word_1_281' title='bbox 1177 2164 1203 2200; x_wconf 85' lang='lat'>4</span> <span class='ocrx_word' id='word_1_282' title='bbox 1226 2180 1270 2193; x_wconf 86' lang='lat'><em>=</em></span> <span class='ocrx_word' id='word_1_283' title='bbox 1295 2162 1405 2201; x_wconf 88' lang='lat'>1583</span> <span class='ocrx_word' id='word_1_284' title='bbox 1417 2161 1492 2212; x_wconf 65' lang='lat' dir='ltr'><strong>W„</strong></span> <span class='ocrx_word' id='word_1_285' title='bbox 1510 2161 1608 2199; x_wconf 71' lang='lat' dir='ltr'><strong>haec</strong></span> <span class='ocrx_word' id='word_1_286' title='bbox 1625 2161 1686 2198; x_wconf 79' lang='lat' dir='ltr'><strong>ta.-</strong></span> 
     </span>
     <span class='ocr_line' id='line_1_34' title="bbox 333 2220 1687 2273; baseline 0 -16"><span class='ocrx_word' id='word_1_287' title='bbox 333 2232 424 2258; x_wconf 86' lang='lat' dir='ltr'><strong>men</strong></span> <span class='ocrx_word' id='word_1_288' title='bbox 449 2222 607 2259; x_wconf 75' lang='lat' dir='ltr'><strong>tantum</strong></span> <span class='ocrx_word' id='word_1_289' title='bbox 632 2221 725 2260; x_wconf 85' lang='lat' dir='ltr'><strong>inde</strong></span> <span class='ocrx_word' id='word_1_290' title='bbox 751 2234 775 2259; x_wconf 83' lang='lat' dir='ltr'><strong>a</strong></span> <span class='ocrx_word' id='word_1_291' title='bbox 806 2221 935 2261; x_wconf 78' lang='lat' dir='ltr'><strong>verbis</strong></span> <span class='ocrx_word' id='word_1_292' title='bbox 967 2220 1015 2261; x_wconf 80' lang='grc' dir='ltr'><strong>οὐ</strong></span> <span class='ocrx_word' id='word_1_293' title='bbox 1046 2220 1216 2273; x_wconf 83' lang='grc' dir='ltr'><strong><em>χρήμασι</em></strong></span> <span class='ocrx_word' id='word_1_294' title='bbox 1247 2223 1456 2273; x_wconf 83' lang='grc' dir='ltr'><em>μετρεῖται,</em></span> <span class='ocrx_word' id='word_1_295' title='bbox 1487 2231 1590 2269; x_wconf 83' lang='lat' dir='ltr'><strong>quae</strong></span> <span class='ocrx_word' id='word_1_296' title='bbox 1623 2229 1687 2258; x_wconf 85' lang='lat' dir='ltr'><strong>res</strong></span> 
     </span>
    </p>
   </div>
   <div class='ocr_carea' id='block_1_5' title="bbox 336 2357 1689 2500">
    <p class='ocr_par' dir='ltr' id='par_1_6' title="bbox 336 2357 1689 2500">
     <span class='ocr_line' id='line_1_35' title="bbox 395 2357 1058 2406; baseline 0.005 -14"><span class='ocrx_word' id='word_1_297' title='bbox 395 2359 430 2402; x_wconf 86' lang='lat'><strong>1)</strong></span> <span class='ocrx_word' id='word_1_298' title='bbox 454 2357 589 2393; x_wconf 80' lang='lat' dir='ltr'><strong>Adalb.</strong></span> <span class='ocrx_word' id='word_1_299' title='bbox 610 2358 752 2403; x_wconf 86' lang='lat' dir='ltr'><strong>Keller,</strong></span> <span class='ocrx_word' id='word_1_300' title='bbox 778 2359 905 2406; x_wconf 74' lang='lat' dir='ltr'><strong>Sei-ap.</strong></span> <span class='ocrx_word' id='word_1_301' title='bbox 925 2359 959 2395; x_wconf 87' lang='lat' dir='ltr'>H</span> <span class='ocrx_word' id='word_1_302' title='bbox 978 2363 1058 2396; x_wconf 80' lang='lat'><strong>359.</strong></span> 
     </span>
     <span class='ocr_line' id='line_1_36' title="bbox 393 2401 1689 2452; baseline -0.002 -12"><span class='ocrx_word' id='word_1_303' title='bbox 393 2406 430 2450; x_wconf 80' lang='lat'><strong>2)</strong></span> <span class='ocrx_word' id='word_1_304' title='bbox 456 2409 500 2441; x_wconf 78' lang='lat'><strong>32</strong></span> <span class='ocrx_word' id='word_1_305' title='bbox 527 2405 619 2441; x_wconf 76' lang='lat' dir='ltr'><strong>folin.</strong></span> <span class='ocrx_word' id='word_1_306' title='bbox 643 2408 799 2451; x_wconf 67' lang='grc' dir='ltr'><strong>(δι-79</strong></span> <span class='ocrx_word' id='word_1_307' title='bbox 825 2408 864 2442; x_wconf 72' lang='lat' dir='ltr'><strong>et</strong></span> <span class='ocrx_word' id='word_1_308' title='bbox 882 2409 1038 2452; x_wconf 75' lang='lat'><strong>82—8‘1)</strong></span> <span class='ocrx_word' id='word_1_309' title='bbox 1058 2406 1287 2448; x_wconf 72' lang='lat' dir='ltr'><strong>exciderunt,</strong></span> <span class='ocrx_word' id='word_1_310' title='bbox 1313 2406 1356 2440; x_wconf 71' lang='lat' dir='ltr'><strong>ut</strong></span> <span class='ocrx_word' id='word_1_311' title='bbox 1373 2414 1548 2440; x_wconf 81' lang='lat' dir='ltr'><strong>numerus</strong></span> <span class='ocrx_word' id='word_1_312' title='bbox 1567 2401 1689 2439; x_wconf 70' lang='lat' dir='ltr'><strong>Cranii</strong></span> 
     </span>
     <span class='ocr_line' id='line_1_37' title="bbox 336 2453 965 2500; baseline 0.005 -14"><span class='ocrx_word' id='word_1_313' title='bbox 336 2454 404 2487; x_wconf 81' lang='lat'><strong>164</strong></span> <span class='ocrx_word' id='word_1_314' title='bbox 429 2453 656 2500; x_wconf 76' lang='lat' dir='ltr'><strong>respondeat</strong></span> <span class='ocrx_word' id='word_1_315' title='bbox 680 2453 861 2489; x_wconf 81' lang='lat' dir='ltr'><strong>hodierno</strong></span> <span class='ocrx_word' id='word_1_316' title='bbox 887 2458 965 2490; x_wconf 76' lang='lat'><strong>13⁶2.</strong></span> 
     </span>
    </p>
   </div>
  </div>
 </body>
</html>
