1872 2924
322 243 344 285 ς
364 242 419 276 15.
458 237 524 275 m:
548 235 689 275 CODD.
714 234 788 272 BP.
810 238 927 271 1-25
952 231 1314 271 mmssm'rmus
1411 230 1498 276 227

199 329 340 382 Neque
364 326 543 368 dubitari
564 326 710 378 potest,
735 323 835 376 quin
859 335 885 364 a
905 323 1189 375 Laeapeniana
1211 321 1414 374 pendeant
1437 334 1503 363 eo-

139 389 260 440 dieea,
290 387 360 440 qui
388 387 483 427 illae
513 399 574 438 ep.
595 386 694 425 501.
724 384 827 424 647.
852 395 992 425 comm.
1022 384 1077 423 12
1107 394 1198 423 oum
1224 382 1317 422 aliis
1341 381 1500 422 Libanii

140 448 327 503 epistulis
351 447 585 488 coniunctae
609 444 809 492 exhibent,
833 443 947 484 velut

201 510 300 551 894.
327 505 683 547 Laurentianus
708 503 812 544 Lxx
843 504 897 544 13
931 498 998 557 (—
1016 496 1123 556 Lau)
1149 514 1200 543 sc.
1222 500 1309 548 XV,
1339 501 1410 553 qui
1434 513 1502 541 eas

140 581 224 610 nna
251 580 342 609 cnm
365 578 507 608 comm.
526 578 587 617 ep.
609 566 662 606 21
696 566 740 604 et
763 564 788 604 9
815 563 988 614 aliisque
1012 562 1175 615 eelogae
1200 561 1503 613 Lacapenianae

140 629 373 670 ‹leem-tatae
397 625 473 668 sub
497 639 536 666 ιι.
554 618 761 674 τοε-τοζζ
784 617 894 673 ποθ’,
916 618 986 663 m‘
1016 621 1198 664 subiecit.
1237 620 1296 661 Cf.
1316 633 1440 673 supra
1462 634 1502 672 p.

141 690 196 729 67
226 700 266 728 n.
288 688 355 727 11.

203 748 302 788 395.
326 746 597 786 Vaticanus
615 743 826 784 Urbinas
845 756 903 796 gr.
925 742 983 782 80
1002 754 1055 783 se.
1069 740 1157 782 XV.
1176 740 1236 781 Cf.
1250 753 1375 792 supra
1392 754 1431 792 p.
1447 741 1502 780 64

141 822 180 848 ιι.
202 809 240 847 7.

204 867 303 908 396.
327 865 600 906 Vaticanus
625 876 685 916 gr.
705 863 820 903 1953
846 862 915 902 fol.
936 862 1056 912 222',
1085 862 1303 914 postqum
1326 860 1395 901 fol.
1418 860 1502 900 188

143 927 227 968 iam
250 939 391 967 comm.
411 937 472 976 ep.
494 925 519 964 2
544 923 679 965 locum
703 922 869 963 invenit.
904 920 965 962 Cf.
985 933 1110 973 supra
1131 935 1172 973 p.
1187 922 1272 961 117
1302 934 1341 961 ιι.
1362 920 1432 962 87.

202 986 259 1027 nt
276 999 324 1026 ex
344 984 506 1037 eclogae
524 982 829 1035 Laoapenianae
847 981 983 1022 codiee
1001 981 1139 1033 aliquo
1156 981 1200 1021 in
1219 980 1418 1033 syllogam
1431 981 1511 1020 az*

144 1044 406 1099 repetendam
430 1057 492 1096 ep.
513 1044 596 1084 501
619 1044 661 1083 et
679 1043 764 1082 647
791 1041 1116 1094 trmsfiuxenmt,
1141 1053 1242 1093 quas
1266 1040 1373 1081 inter
1395 1052 1458 1091 ep.
1479 1041 1502 1079 1

142 1109 186 1147 et
210 1106 296 1147 649
322 1103 512 1145 exhibent
534 1102 690 1144 codices

205 1166 304 1206 397.
328 1164 598 1204 Vaticanus
623 1175 682 1216 gr.
703 1163 788 1203 943
815 1174 868 1203 se.
886 1161 984 1202 XVI
1007 1156 1078 1216 (ef.
1098 1173 1223 1213 supra
1246 1173 1286 1212 p,
1300 1160 1355 1200 98
1375 1172 1413 1199 ιι.
1429 1155 1507 1214 56)

143 1225 293 1277 quique
319 1238 367 1264 ex
390 1224 466 1264 hoo
490 1223 715 1275 descriptus
739 1223 801 1264 est

205 1285 302 1325 398.
322 1283 628 1325 Basileensia
644 1282 678 1322 F
696 1281 756 1321 VI
775 1283 801 1323 2
822 1294 875 1322 se.
894 1280 1022 1321 xm
1049 1279 1244 1332 &supra
1260 1294 1299 1332 p.
1314 1280 1370 1321 98
1383 1292 1423 1319 ιι.
1437 1279 1505 1319 57.

203 1344 344 1396 Neque
363 1356 412 1384 ex
429 1341 511 1384 alio
529 1342 642 1384 fonte
652 1340 958 1383 munim-autin
970 1341 1253 1393 corpusculum
1264 1341 1506 1380 mutuarum.

143 1403 260 1452 Quod
286 1402 487 1455 quomodo
510 1403 664 1443 factum
691 1402 758 1453 sit,
782 1402 907 1442 etiam
934 1413 1041 1441 nune
1067 1400 1195 1441 oeulis
1222 1400 1396 1440 lustrare
1416 1411 1508 1451 pos-

145 1476 294 1506 sumus.
328 1461 461 1504 Codex
484 1464 592 1503 enim

206 1525 304 1565 399.
331 1522 695 1563 mouri-‚lensia
724 1521 762 1561 Y
786 1520 850 1561 111
875 1515 946 1575 9¹)
971 1532 1024 1560 sc.
1050 1519 1147 1560 XIV
1173 1519 1242 1560 fol.
1271 1519 1506 1560 136-143

144 1582 426 1636 corpusculum
438 1581 598 1623 exhibet
609 1582 740 1622 forma
751 1581 931 1633 proxime
942 1579 993 1620 ad
1002 1579 1296 1632 Angelieanum
1306 1573 1376 1634 (ef.
1386 1590 1510 1630 supra.

143 1656 182 1696 p.
195 1644 281 1684 219
307 1655 347 1682 n.
367 1636 475 1695 351)
493 1644 534 1682 et
552 1641 938 1683 meaux-islensem
960 1639 994 1680 Τ
1012 1639 1054 1680 11
1075 1640 1101 1680 3
1125 1634 1194 1694 (ef.
1215 1651 1338 1691 supra
1359 1652 1398 1690 p.
1420 1639 1509 1679 220

143 1716 182 1744 ιι.
203 1696 311 1757 952)
337 1701 550 1743 accedenti
587 1700 692 1742 Sunt
713 1699 818 1741 enim
838 1712 978 1741 comm.
998 1712 1059 1751 ep.
1081 1700 1119 1739 7.
1140 1700 1269 1740 1-6.
1288 1699 1329 1739 8.
1349 1700 1417 1740 11.
1439 1699 1507 1739 22.

146 1764 214 1804 10.
243 1762 311 1803 12.
339 1762 527 1803 15-21.
554 1763 609 1802 22
642 1755 808 1816 (iterum
833 1757 975 1814 extat).
1013 1760 1080 1800 13.
1109 1761 1177 1799 14.
1214 1758 1294 1799 Sed
1322 1758 1386 1798 hia
1415 1756 1508 1798 aub—

142 1822 277 1863 innxit
293 1820 788 1875 inscriptasAassoevlov
809 1818 937 1874 πρὸς
954 1817 1043 1860 τὸν
1061 1816 1221 1873 μέγαν
1238 1817 1510 1872 βασίλειον

141 1880 341 1923 καὶτὸν
364 1879 622 1935 θεολόγον
646 1878 942 1935 Γρηγόριον
967 1892 1027 1931 ep.
1050 1879 1149 1919 501.
1170 1879 1269 1919 647.
1290 1890 1430 1919 comm.
1452 1879 1507 1918 22

142 1936 362 1996 (tertium).
392 1940 454 1982 De
473 1953 535 1994 ep.
553 1941 668 1981 1544
688 1941 731 1980 et
750 1940 866 1980 1214
885 1938 1146 1990 sequentibus
1164 1938 1214 1979 of.
1230 1949 1355 1990 supra
1367 1951 1407 1990 p.
1423 1938 1505 1979 191

144 2014 182 2041 ιι.
204 2002 301 2042 276.
336 2000 423 2042 Has
457 2000 664 2052 excipiunt
696 1998 894 2053 βασίλειος
921 1997 1137 2055 γρηγορίφ·
1170 1996 1307 2050 ‘madh
1338 2011 1406 2051 μοι
1434 1995 1509 2049 τὴν

143 2058 301 2112 σιωπὴν
330 2062 373 2101 et
395 2063 511 2117 τιμᾷς
534 2058 629 2109 τοὺς
651 2058 842 2112 εὐλαβεῖς.
878 2058 1028 2099 Comm.
1054 2071 1116 2110 ep.
1144 2059 1198 2098 12
1223 2057 1510 2110 praetermisit,

144 2121 295 2172 quippe
321 2132 424 2172 quae
447 2122 531 2160 iam
554 2120 599 2159 in
622 2119 860 2171 corpusculo
883 2118 1016 2159 locum
1040 2117 1269 2159 invenisset.

205 2180 298 2220 Mea
320 2179 454 2232 gratia
475 2179 653 2232 inspexit
676 2178 845 2220 Carolus
869 2176 1018 2219 Graux.

206 2238 317 2281 Duas
349 2252 445 2280 vero
475 2252 537 2291 ep.
558 2239 641 2279 501
671 2240 713 2278 et
738 2239 824 2279 647
849 2238 893 2277 ἰιι
917 2238 1063 2289 fronte,
1092 2237 1258 2278 tertiam
1283 2249 1423 2278 comm.
1449 2248 1510 2288 ep.

148 2300 202 2340 12
228 2299 273 2338 in
297 2298 375 2339 fine
399 2298 648 2340 collectionis
672 2300 906 2338 mutuarum
931 2297 1145 2338 eolloeavit
1168 2296 1290 2337 codex

206 2359 305 2399 400.
336 2358 698 2399 Laurentianus
728 2356 865 2398 LVIII
892 2358 946 2398 16
980 2356 1144 2407 mxv,
1177 2356 1248 2408 qui
1278 2356 1347 2397 fol.
1372 2356 1509 2396 45’-

147 2419 226 2458 51*
267 2417 426 2458 exhibet
462 2419 517 2459 23
560 2417 754 2469 epistulas
793 2419 955 2458 mutuas
994 2416 1209 2468 inscriptae
1242 2413 1510 2457 ἐπιστολαὶ

205 2495 242 2538 1)
268 2490 390 2539 Supra
413 2503 451 2539 p.
474 2495 541 2528 191
567 2502 604 2527 ιι.
624 2493 707 2527 276.
