1872 2924
351 220 432 262 152
650 219 1014 256 PROLEGOMENA
1037 220 1101 255 AD
1126 219 1386 256 EPISTULAS

342 308 665 359 Langbainio‚
709 308 816 358 quod
855 308 973 347 hodie
1015 310 1241 348 asservatur
1276 308 1319 347 in
1348 308 1694 350 'Bibliothecae

342 367 635 407 Bodleianae
666 367 978 407 Adversariis
1014 367 1307 419 Langbainii
1343 368 1422 407 vol.
1449 370 1505 409 20
1541 382 1579 419 p.
1607 371 1692 409 573

342 429 486 466 ——616
515 430 555 466 et
579 427 656 466 vol.
681 429 732 465 21
767 440 806 477 p.
827 422 969 480 617¹).
1012 427 1183 477 Inspexi.

399 486 687 539 Apographum
705 489 842 525 autem
854 485 1200 537 Langbainiauum
1219 485 1280 525 bis
1299 486 1604 537 transscriptum
1617 490 1694 527 est:

338 545 448 597 prius
475 558 499 585 a
528 545 800 584 Godofredo
832 543 1046 593 oleario,
1078 546 1186 595 quod
1211 557 1298 584 cum
1324 545 1380 585 Io.
1401 545 1490 586 Alb.
1510 546 1694 585 Fabricio

338 605 674 645 communicatum
684 599 718 657 ²)
745 608 786 643 et
805 604 855 642 ab
880 605 1013 644 hocin
1039 605 1242 644 nonnullis
1260 605 1421 644 Libanii
1445 605 1626 655 epistulis
1651 604 1693 644 in

337 664 442 703 Bibl.
464 662 531 702 Gr.
555 666 586 703 t.
606 663 685 703 VII
711 666 751 702 et
775 663 875 702 VIII
903 663 1063 703 edendis
1082 667 1321 714 usurpatum
1344 664 1387 703 in
1411 664 1694 704 bibliothecam

269 732 337 764 569
401 724 498 763 159.
530 723 877 762 universitatis
909 723 1204 762 Havuiensis
1235 724 1397 762 transiit
1427 723 1561 775 ibique
1589 722 1696 763 Gol-

339 782 572 822 lectionis
598 782 916 822 Fabricianae
949 783 1132 821 volumen
1160 784 1215 822 90
1243 777 1360 834 est3).
1403 783 1609 835 Integrum
1634 785 1696 823 est

338 845 502 892 excepto
541 842 647 892 quod
686 843 725 880 in
762 854 822 892 ep.
848 836 918 894 ριε’
944 837 1071 895 (965)
1102 842 1240 891 primis
1277 843 1452 893 quinque
1489 841 1694 882 vocabulis

339 901 496 941 omissis
520 901 682 939 initium
709 913 733 939 a
757 901 963 941 vocabulis
989 898 1010 941 ὁ
1036 899 1251 952 ἀσκληπιὸς
1275 901 1382 940 fecit.

267 976 336 1008 570
401 967 497 1005 160.
522 965 708 1005 Alterum
727 967 1000 1017 apographum
1024 967 1176 1005 factum
1201 968 1261 1005 est
1285 979 1320 1006 a.
1336 967 1449 1006 1708
1476 979 1501 1006 a
1519 966 1694 1007 Wolfio

338 1025 535 1076 hodieque
566 1025 607 1064 in
638 1025 902 1064 bibliothecae
939 1025 1133 1064 urbicae
1171 1025 1550 1078 Hamburgensis
1588 1025 1694 1065 001-

337 1085 576 1124 lectaneis
601 1084 859 1124 Wolfianis
887 1081 1149 1138 (Collectione
1179 1086 1383 1124 variorum
1411 1085 1693 1136 opusculorum

338 1157 386 1183 ex
422 1143 622 1184 codicibus
660 1143 890 1194 Bodleianis
931 1144 1182 1194 potissimum
1223 1144 1510 1194 descriptorum
1548 1157 1572 1183 a
1607 1144 1693 1183 Ioh.

339 1203 563 1254 christoph.
579 1203 723 1242 Wolfio
747 1217 786 1253 p.
801 1205 906 1242 437:
930 1204 998 1242 Ex
1022 1204 1151 1243 codem
1172 1202 1310 1243 Codice
1327 1204 1482 1253 Lanyb.
1507 1204 1694 1253 descripsi

339 1266 535 1311 sequentes
559 1263 726 1302 Libanii
753 1258 953 1316 epistolas)
979 1258 1259 1316 asservatur4).
1292 1263 1352 1302 Ex
1370 1263 1445 1302 hoc
1464 1263 1695 1315 apographo

340 1322 560 1362 centuria
585 1323 905 1373 epistolarum
936 1322 1089 1361 adhuc
1114 1334 1205 1362 non
1242 1322 1484 1362 editarum
1512 1322 1695 1361 selecta

340 1395 365 1421 a
388 1382 534 1422 Wolfio
558 1381 720 1432 Lipsiae
746 1384 854 1421 1711
891 1382 1000 1421 edita
1031 1384 1092 1421 est
1122 1394 1241 1432 quam
1273 1383 1431 1421 secutae
1462 1383 1556 1420 sunt
1589 1393 1693 1421 com-

339 1441 475 1491 plures
499 1441 693 1492 epistulae
721 1441 763 1479 in
787 1441 1002 1480 Anecdotis
1027 1442 1180 1493 graecis
1205 1441 1327 1480 sacris
1352 1443 1393 1480 et
1412 1441 1592 1491 profanis
1610 1441 1639 1480 t.
1654 1440 1695 1479 II

340 1502 381 1540 et
403 1501 467 1539 III
490 1500 713 1553 Hamburgi
740 1514 774 1540 a.
794 1501 906 1539 1722
934 1502 975 1539 et
1001 1501 1114 1539 1723
1140 1499 1378 1551 publicatae.

402 1567 499 1605 161.
525 1565 768 1618 Apographo
799 1578 892 1605 vero
918 1563 1069 1605 Olearii
1094 1576 1188 1605 usus
1214 1567 1275 1604 est
1298 1565 1348 1604 H.
1368 1565 1406 1605 S.
1426 1565 1695 1615 Reimarus,

340 1639 431 1664 cum
455 1638 490 1664 a.
513 1626 628 1665 1720
659 1624 897 1664 exscriberet
925 1626 1133 1674 „epistolas
1155 1625 1323 1664 Libanii
1351 1627 1532 1674 quotquot
1558 1636 1692 1664 earum

339 1682 511 1724 ineditae
533 1685 578 1723 iu
601 1685 875 1733 Mcmuscripto
901 1686 1021 1724 latent
1044 1685 1097 1723 ad
1119 1685 1238 1733 fidem
1260 1685 1423 1724 illarwm
1447 1695 1546 1733 quas
1565 1684 1692 1732 possi-

341 1745 404 1784 det
430 1743 505 1783 Cel.
525 1744 739 1783 Fabricius
761 1755 884 1783 manu
907 1755 959 1783 sc.
985 1743 1094 1784 Goth.
1118 1742 1266 1783 Olearii
1288 1745 1466 1792 scriptas,
1492 1744 1560 1791 qui
1584 1754 1651 1782 eas
1674 1754 1695 1782 e

342 1803 537 1842 codicibus
554 1803 817 1842 Barocciam's
834 1804 987 1842 videtur
998 1804 1193 1852 petiisse“‚
1212 1806 1260 1841 ut
1282 1802 1433 1854 legitur
1449 1803 1493 1840 in
1511 1801 1596 1841 eius
1613 1801 1693 1840 Ad-

341 1862 529 1903 versariis
555 1857 896 1916 (Collectionis
922 1862 1244 1901 Fabricianae
1269 1861 1380 1900 bibl.
1406 1861 1541 1900 Univ.
1566 1861 1693 1900 Hav-

341 1922 542 1961 niensis
579 1922 657 1960 vol.
683 1917 788 1973 142)
823 1921 1028 1972 inscriptis
1062 1922 1386 1961 ΕΠΙΣΤΟΛΑΙ
1413 1921 1698 1960 ΛΙΒΑΝΙΟΤ

341 1994 432 2034 pag.
455 1982 687 2020 253—387.
719 1981 809 2020 Non
835 1993 971 2021 omnes
996 1981 1222 2031 exscripsit,
1246 1981 1314 2020 sed
1337 1979 1527 2020 lectiones
1551 1979 1695 2019 discre-

341 2043 484 2091 pantes
513 2040 660 2079 codicis
684 2040 872 2080 Vossiani
901 2042 943 2078 in
975 2040 1153 2092 margine
1184 2039 1402 2079 adnotavit.
1445 2039 1548 2078 Vide
1571 2051 1694 2089 supra

341 2113 379 2150 p.
400 2101 456 2139 90
481 2113 520 2138 n.
540 2100 608 2138 46.
647 2099 894 2138 Examinavi.

404 2215 438 2259 1)
465 2212 520 2249 cf.
545 2214 572 2248 t.
592 2213 608 2247 I
628 2216 699 2248 230
721 2225 758 2248 n.
779 2216 835 2248 28.
873 2212 975 2248 Infra
999 2213 1068 2248 sub
1092 2225 1118 2248 n
1149 2216 1229 2248 406.

403 2263 438 2306 2)
462 2260 530 2296 Est
548 2260 664 2295 codex
685 2259 938 2296 Bibliothecae
957 2260 982 2296 Ι.
998 2261 1040 2296 A.
1056 2260 1219 2296 Fabricii
1238 2259 1461 2306 (Hamburgi
1477 2259 1583 2304 1741)
1600 2259 1628 2293 t.
1642 2256 1693 2292 IV

341 2319 378 2353 p.
399 2311 468 2343 204
495 2311 632 2343 2197:
665 2308 822 2343 Libanii
850 2309 1027 2353 epistulae
1051 2311 1122 2344 314
1152 2319 1197 2344 ex
1226 2308 1347 2344 codice
1370 2308 1604 2344 Bou-occiano
1633 2306 1692 2341 de·

341 2357 499 2401 scriptae
521 2367 547 2391 a
571 2356 617 2391 B.
641 2355 771 2399 Godfr.
792 2355 949 2393 Oleario.

403 2407 438 2447 3)
465 2402 518 2438 cf.
545 2402 688 2438 121231
715 2406 823 2439 n.29.
861 2403 962 2438 Infra
987 2402 1055 2438 sub
1079 2406 1210 2438 ιι.272.

402 2453 438 2496 4)
463 2449 518 2486 cf.
543 2450 598 2486 ω
618 2454 687 2485 232
712 2454 819 2487 n.3o.
