1872 2924
470 229 491 270 3
510 230 544 262 4.
580 224 644 261 DE
668 222 922 262 comcmus
947 224 1136 262 CLASSIS
1162 227 1199 262 Σ
1429 225 1512 269 117

214 316 402 356 Salvinus
426 315 499 356 bas
523 315 722 366 epistulas
747 327 826 354 non
846 315 978 354 solum
996 314 1218 367 descripsit,
1241 314 1311 355 sed
1330 316 1452 354 etiam
1472 315 1515 354 in

154 377 327 417 latinum
346 387 569 415 sermonem
587 374 711 414 vertit
729 386 876 414 omnes.
914 372 1029 413 Hanc
1049 376 1135 414 eius
1154 386 1316 426 operam
1341 387 1374 414 a.
1400 375 1513 414 1699

151 436 378 476 absolutam
402 437 539 474 servat
561 434 683 475 codex

213 507 283 547 85.
296 505 562 546 bibliothecae
575 505 670 544 olim
683 504 1081 555 Marucellianae‚
1100 506 1217 545 hodie
1232 505 1503 545 nationalis
1516 513 1586 545 ωε

154 566 470 607 Florentinae
495 566 531 605 A
557 564 629 605 011
652 567 674 604 1
697 565 824 606 chart.
844 565 996 604 formae
1022 564 1121 606 folii.
1146 564 1359 604 Antecedit
1385 567 1515 605 versio

152 626 419 678 epistularum
445 625 592 666 codicis
617 623 880 665 Laurentiani
899 624 1012 664 LVII
1031 626 1087 664 47
1114 638 1203 664 cum
1224 623 1356 665 verbis
1374 625 1515 676 primis

154 686 331 738 graecis3
345 685 529 736 sequitur
540 684 670 724 versio
683 685 947 736 epistularum
961 684 1108 725 codicis
1121 684 1310 724 Laurenti
1316 686 1383 724 ani
1402 683 1472 724 LV
1487 687 1512 724 ‘2

151 746 366 797 inscripta:
391 745 558 785 Libonis*
583 744 809 795 Quaestori-3
833 747 868 784 ct
884 743 1088 793 Sopleistae
1106 744 1320 794 Epistolae.
1345 756 1445 793 quas
1470 757 1515 783 ex

150 806 314 856 antiquo
332 804 460 845 codice
478 805 678 854 exscripsit
697 804 893 844 Zenobius
912 803 1138 847 Ace-iactus,
1166 805 1207 843 in
1233 816 1314 856 qua
1338 807 1515 855 praeter·

151 866 266 906 misit
296 864 489 916 epistulas
522 876 677 914 omnes,
709 877 811 915 quae
843 864 885 903 in
910 864 1044 915 priore
1069 863 1203 904 codice
1229 866 1386 914 extant,
1415 867 1514 904 satis

154 924 305 965 habens
323 937 535 964 numerum
553 923 752 964 indicasse
771 937 889 975 quem
908 924 951 963 in
963 923 1035 963 illo
1048 927 1205 975 gerunt.
1226 923 1417 974 Sequitur
1428 937 1513 963 ver-

154 987 216 1025 sio
247 984 509 1036 epistularum
541 984 648 1023 inter
678 983 877 1024 Basilium
909 985 951 1022 et
975 982 1187 1023 Libanium
1213 987 1443 1023 mutuarum
1467 997 1513 1022 ex

151 1045 279 1085 altero
304 1043 574 1084 Laurentiano
599 1042 714 1083 LVII
739 1045 795 1083 47
822 1043 1135 1083 subiunctarum.
1165 1042 1416 1094 Subscriptio
1436 1048 1514 1083 est:

151 1105 279 1144 Finis.
310 1103 427 1144 Laus
444 1104 541 1143 Deo.
574 1105 611 1143 4.
631 1104 752 1154 Maij.
774 1105 901 1144 1699.
926 1102 1162 1143 Florentiae.
1198 1103 1397 1142 Antonius·
1419 1103 1514 1142 Μα-

149 1166 217 1204 ria
239 1163 430 1204 Salvinus
446 1163 629 1210 vertebat,
654 1166 689 1203 et
699 1165 870 1213 propria
888 1175 1013 1203 manu
1032 1167 1113 1202 tum
1132 1163 1298 1202 codicem
1318 1162 1512 1203 Graccum

149 1227 233 1263 tum
256 1223 450 1263 Latinam
472 1224 686 1263 versionem
709 1235 827 1262 suam
849 1224 1016 1273 scripsit.

212 1283 498 1335 Apograpbum
524 1282 642 1322 buius
668 1282 834 1333 codicis,
858 1282 927 1322 sed
952 1282 1245 1333 subscriptione
1270 1282 1428 1333 privum
1454 1286 1514 1322 est

149 1342 273 1382 codex

212 1415 281 1454 86.
307 1413 608 1453 Bodleianus
635 1414 976 1454 Dorvillianus
1002 1414 1048 1454 X.
1076 1414 1106 1452 I.
1127 1415 1166 1452 4.
1188 1415 1232 1463 8,
1258 1413 1343 1452 sine
1375 1413 1497 1453 dubio
1513 1418 1581 1450 ⁶27

154 1473 274 1524 idem,
297 1472 346 1513 de
371 1486 451 1525 quo
476 1472 638 1514 disserit
661 1472 831 1514 Wolflns
855 1474 894 1512 in
922 1473 1096 1513 Praefat.
1117 1473 1167 1512 ad
1187 1472 1395 1513 Lectorem
1414 1486 1450 1524 p.
1468 1475 1511 1512 2.

150 1533 265 1573 Idem
288 1528 484 1588 (Salvini)
515 1531 754 1586 ἀπόγραφον
785 1533 1118 1574 emendationibus
1147 1532 1394 1572 Salvinianis
1422 1533 1513 1572 hinc

147 1592 243 1633 inde
271 1595 453 1632 ornatum
484 1605 568 1632 wna
599 1604 687 1633 cum
717 1594 892 1633 versione
918 1593 1068 1633 latina
1098 1594 1140 1631 in
1166 1592 1291 1631 Italia
1320 1604 1411 1631 aere
1439 1604 1512 1632 suo

146 1652 312 1693 redemit
340 1652 425 1693 Iac.
444 1652 652 1702 Philippus
675 1653 874 1699 Dorville,
902 1655 970 1701 qm·
1001 1656 1033 1691 e!
1063 1653 1158 1691 mihi
1183 1664 1259 1701 pro
1283 1663 1359 1691 sua
1383 1654 1426 1691 in
1450 1664 1511 1692 me

148 1712 410 1753 bmevozentm
432 1713 636 1761 utriusque
653 1723 770 1752 usum
788 1713 983 1761 concessit,
1006 1712 1079 1751 etsi
1101 1711 1277 1751 codicem
1296 1711 1510 1750 Dorvillia—

147 1785 245 1811 num
271 1772 464 1812 versionis
490 1771 643 1811 latinae
667 1774 826 1812 tantum
853 1771 1129 1824 apographum
1158 1783 1242 1811 esse
1268 1771 1508 1823 autographi

147 1831 425 1871 Marucelliani
451 1844 594 1882 parum
619 1832 831 1883 perspexit.

209 1920 339 1972 Pr0pe
365 1920 416 1960 ab
441 1921 580 1972 ecloga
604 1919 736 1959 codice
764 1921 813 1961 Vi
837 1923 879 1960 et
903 1920 1103 1960 codicibus
1129 1933 1219 1960 cum
1245 1919 1306 1958 his
1328 1920 1511 1971 cognatis

146 1982 448 2031 repraesentata
466 1982 550 2020 stat
567 1992 759 2032 propago,
779 1993 900 2031 quam
919 1980 1052 2019 reddit
1077 1980 1245 2030 ecloga
1264 1979 1311 2017 in
1337 1990 1509 2030 corpus

147 2040 655 2091 epistolographorum
688 2042 886 2091 recepta
917 2039 1100 2091 pluribus
1125 2037 1347 2088 codicibus,
1378 2037 1510 2078 Vatic.

145 2112 206 2152 gr.
228 2099 356 2149 1353,
380 2099 602 2139 Mutinensi
620 2098 784 2149 LXXV,
810 2098 1076 2139 Ambrosiano
1097 2098 1125 2138 C
1143 2100 1166 2138 6
1194 2100 1364 2138 servata.
1402 2097 1508 2144 Quo-

146 2171 239 2198 rum
264 2158 534 2209 amplissimus
559 2161 621 2198 est
644 2158 766 2198 codex

208 2218 277 2258 87.
297 2217 566 2258 Vaticanus
586 2231 651 2270 gr.
673 2219 787 2258 1353
808 2218 933 2257 chart
954 2218 1104 2256 formae
1126 2221 1255 2268 quart.
1275 2229 1311 2258 a.
1334 2218 1446 2257 1462
1472 2225 1579 2258 a528

145 2276 472 2318 Constantino
497 2276 698 2317 Lascari
724 2272 972 2330 exaratus¹)‚
1006 2277 1103 2316 olim
1130 2276 1295 2316 Fulvii
1319 2276 1507 2326 Ursini,

208 2369 245 2414 1)
268 2366 560 2404 Kmotoenlvov
584 2374 652 2405 τοῦ
676 2368 890 2413 mendosae
913 2372 1035 2413 κτῆμα
1060 2368 1126 2403 καὶ
1149 2366 1267 2409 πόνος
1297 2366 1438 2413 legitur
1467 2367 1506 2401 in

145 2413 222 2475 flua
244 2414 384 2451 indicis
407 2415 624 2461 praemissi,
655 2421 778 2462 κτῆμα
800 2415 989 2452 ποθεινὸν
1014 2417 1307 2451 Κωνσταντίνου
1329 2419 1397 2450 τοῦ
1421 2416 1505 2449 λασ-

144 2461 290 2508 κᾶρεως
324 2461 395 2499 ὑπ’
432 2464 550 2499 αὐτοῦ
582 2463 623 2500 ἐν
653 2462 862 2511 μεδιολᾶνῳ
898 2462 1104 2509 &treuvia
1143 2462 1240 2509 αυξβ
1275 2461 1504 2498 rubricatum
